1429 2155
473 94 573 126 AEN
577 93 714 126 EIDOS
739 93 826 125 LIB.
854 93 937 126 XII.
1265 94 1305 127 31

161 193 257 244 quid
277 193 425 231 struis?
455 198 524 231 aut
544 206 622 243 qua
642 206 710 244 spe
731 193 871 243 gelidis
892 193 932 231 in
954 193 1127 231 nubibus
1147 193 1306 232 haeres?

160 258 344 297 mortalin
374 258 506 297 decuit
535 258 674 296 violari
705 258 868 296 vulnere
897 258 1044 304 divum,

160 329 229 362 aut
255 323 539 373 ensem—quid
567 323 673 361 enim
700 323 784 360 sine
812 327 851 361 te
880 322 1049 360 Iuturna
1075 322 1225 361 valeret
1240 324 1305 361 2—

160 394 338 439 ereptum
367 387 479 427 reddi
509 388 656 434 Turno,
690 393 729 425 et
758 387 840 425 vim
870 400 1041 425 crescere
1071 387 1215 425 victis?

159 452 293 491 desine
322 453 398 490 iam
429 452 601 499 tandem,
629 452 888 502 precibusque
918 452 1119 489 inflectere
1147 452 1302 499 nostris,

158 530 228 555 nec
258 522 297 555 te
326 521 460 555 tantus
489 517 572 567 edit
599 516 762 555 tacitam
788 516 901 554 dolor
925 521 965 554 et
988 515 1086 553 mihi
1111 529 1225 554 curae
1258 529 1303 552 801

158 595 272 632 saepe
302 587 371 620 tuo
401 581 506 619 dulci
536 582 671 619 tristes
702 594 751 620 ex
781 594 847 619 ore
878 585 1103 618 recursent:

157 651 319 684 ventum
341 646 390 684 ad
411 659 640 696 supremum
662 652 734 684 est.
801 645 915 683 terris
936 645 1084 695 agitare
1105 645 1167 683 vel
1189 645 1304 682 undis

157 711 345 748 Troianos
374 710 550 761 potuisti,
583 709 793 748 infandum
823 709 1033 748 accendere
1063 709 1221 756 bellum,

156 774 376 813 deformare
396 774 557 813 domum
579 779 618 813 et
638 775 748 813 luctu
770 774 930 812 miscere
951 773 1212 824 hymenaeos:
1257 786 1304 816 805

155 839 322 878 ulterius
352 844 547 890 temptare
576 842 693 878 veto.'
750 839 803 877 sic
833 838 1015 889 Iuppiter
1044 851 1178 887 orsus3

155 905 209 943 sic
239 904 311 943 dea
341 904 533 943 submisso
565 910 703 943 contra
732 903 918 966 Sffifflfffla
946 903 1084 941 vultu:

131 970 231 1007 “ista
260 968 420 1019 quidem
451 969 544 1019 quia
572 973 669 1007 nota
697 968 794 1006 mihi
825 974 904 1015 tua,
930 980 1082 1018 magne,
1105 967 1301 1015 voluntas,

155 1033 347 1084 Iuppiter,
380 1037 418 1071 et
448 1033 626 1071 Turnum
656 1038 696 1071 et
726 1038 850 1071 terras
878 1032 1007 1071 invita
1035 1033 1176 1083 reliqui
1192 1047 1201 1079 3

155 1111 226 1136 nee
255 1102 301 1136 tu
329 1111 391 1136 me
421 1098 524 1136 aeria
554 1097 674 1136 solam
706 1111 811 1135 nunc
841 1097 932 1136 sede
962 1097 1118 1136 videres
1257 1111 1305 1135 810

154 1163 274 1214 digna
301 1162 466 1214 indigna
494 1163 589 1213 pati,
623 1162 692 1200 sed
721 1163 889 1200 flammis
919 1163 1048 1200 cincta
1077 1163 1151 1201 sub
1180 1163 1264 1213 ipsa

155 1234 300 1267 starem
320 1228 401 1266 acie
416 1228 694 1278 traheremque
710 1227 871 1266 inimica
891 1228 932 1265 in
953 1227 1102 1278 proelia
1117 1227 1301 1266 Teucros.

155 1293 363 1331 Iuturnam
391 1292 544 1339 misero,
576 1292 716 1338 fateor,
748 1305 972 1330 succurrere
1001 1291 1113 1329 fratri

155 1358 268 1405 suasi,
301 1363 341 1396 et
370 1371 440 1408 pro
469 1358 552 1395 vita
581 1357 732 1395 maiora
761 1356 905 1395 audere
935 1356 1098 1407 probavi
1113 1371 1122 1404 ;

154 1436 235 1461 non
254 1427 300 1460 ut
320 1422 399 1460 tela
418 1428 564 1468 tamen,
587 1434 668 1459 non
690 1426 735 1459 ut
756 1420 1013 1459 contenderet
1033 1433 1167 1459 arcum
1183 1437 1191 1468 ;
1256 1433 1303 1463 815

155 1486 292 1525 adiuro
321 1485 452 1537 Stygii
482 1490 601 1536 caput
631 1484 866 1536 inplacabile
895 1485 1027 1531 fontis,

155 1565 233 1589 una
263 1551 492 1600 superstitio
522 1550 673 1601 superis
703 1562 803 1600 quae
831 1549 988 1588 reddita
1016 1549 1128 1587 divis.

155 1621 195 1653 et
224 1629 328 1654 nunc
358 1615 452 1654 cedo
482 1614 678 1666 equidem,
701 1627 932 1665 pugnasque
962 1627 1080 1652 exosa
1109 1613 1301 1664 relinquo.

156 1679 256 1718 illud
285 1686 334 1728 te,
366 1680 476 1718 nulla
504 1680 575 1718 fati
608 1679 714 1730 quod
744 1678 828 1730 lege
857 1683 1026 1726 tenetur,

154 1758 226 1795 pro
255 1744 370 1783 Latio
400 1745 586 1792 obtestor,
621 1757 691 1795 pro
721 1744 928 1782 maiestate
958 1748 1140 1782 tuorum:
1255 1755 1305 1779 820

156 1822 244 1847 cum
273 1809 351 1848 iam
380 1809 558 1848 conubiis
587 1822 723 1859 pacem
753 1808 953 1859 felicibus*
976 1813 1099 1880 esto!
1129 1791 1148 1813 χ
1195 1833 1206 1849 ÷
1244 1846 1250 1848 ⁷
1280 1840 1326 1857 Ν

156 1879 402 1925 component,
436 1888 524 1912 cum
553 1873 632 1912 iam
661 1873 766 1924 leges
796 1878 836 1912 et
865 1873 1024 1911 foedera
1052 1852 1228 1923 lungeni)‚

155 1951 204 1978 ne
232 1944 347 1979 vetus
377 1939 583 1990 indigenas
611 1951 757 1977 nomen
787 1942 941 1976 mutare
971 1937 1134 1977 Latinos
