1429 2155
485 85 726 117 AENEIDOS
751 85 839 117 LIB.
867 85 950 117 XII.
1279 87 1321 119 13

228 190 270 223 at
298 185 387 235 pius
417 186 573 224 Aeneas
603 186 786 224 dextram
817 186 1007 224 tendebat
1035 187 1223 224 inermem
1272 207 1317 230 311

174 250 324 288 nudato
354 252 481 301 capite
511 256 630 301 atque
660 265 750 289 suos
781 251 948 289 clamore
978 252 1165 290 vocabat:

150 318 249 365 ‘quo
278 315 423 353 ruitis?
457 329 606 365 quaeve
636 315 712 354 ista
741 329 881 366 repens
911 316 1106 354 discordia
1136 317 1291 368 surgit‘l

174 392 196 417 o
226 379 407 418 cohibete
436 380 537 418 iras:
576 381 699 418 ictum
731 380 808 418 iam
838 381 985 430 foedus,
1018 387 1059 420 et
1088 395 1223 420 omnes

172 445 411 495 compositae
440 444 544 495 leges
559 461 569 493 ,-
608 445 706 483 mihi
736 445 797 483 ius
827 459 1057 485 concurrere
1087 446 1183 494 soli3
1270 467 1317 490 315

172 523 233 547 me
263 510 392 557 sinite,
424 515 544 560 atque
574 510 725 548 auferte
755 517 908 549 metus:
947 525 1018 562 ego
1039 511 1198 550 foedera
1225 511 1316 549 faxo

171 575 283 612 firma
301 588 422 612 manu
436 590 446 622 3
485 575 664 613 Turnum
685 575 832 613 debent
853 576 947 614 haec
968 577 1046 614 iam
1067 576 1165 614 mihi
1186 576 1315 614 sacra.’

171 640 240 677 has
269 640 374 678 inter
403 653 524 686 voces
558 640 689 678 media
718 641 823 678 inter
852 641 947 679 talia
977 642 1107 686 verba,

171 717 268 750 ecce,
299 705 384 743 viro
414 705 586 743 stridens
617 705 688 743 alis
717 705 879 755 adlapsa
909 706 1053 756 sagitta
1083 711 1153 753 est,

170 769 363 807 incertum
394 783 471 820 qua
501 770 616 820 pulsa
644 783 776 817 manu,
799 783 877 821 quo
907 771 1065 808 turbine
1095 770 1243 817 adacta,
1268 791 1316 813 320

171 834 256 884 quis
285 839 439 872 tantam
469 835 630 872 Rutulis
660 834 830 882 laudem,
863 848 1026 873 casusne
1056 835 1218 880 deusne,

170 899 370 947 attulerit3
409 913 543 949 pressa
572 905 632 938 est
661 899 827 950 insignis
856 900 981 950 gloria
1011 900 1116 947 facti,

169 976 239 1001 nec
269 977 350 1001 sese
381 964 538 1002 Aeneae
567 964 732 1001 iactavit
760 964 925 1002 vulnere
954 965 1172 1015 quisquam.

170 1028 338 1074 Turnus,
371 1033 416 1066 ut
445 1029 609 1066 Aenean
640 1028 848 1067 cedentem
878 1042 927 1068 ex
957 1030 1110 1081 agmine
1141 1029 1243 1068 vidit

169 1093 426 1143 turbatosque
457 1093 586 1139 duces,
618 1094 751 1132 subita
781 1107 848 1145 spe
877 1094 1052 1133 fervidus
1081 1094 1220 1142 ardet3
1266 1115 1313 1138 325

169 1159 294 1209 poscit
323 1172 444 1209 equos
473 1164 592 1209 atque
622 1173 731 1197 arma
760 1159 887 1206 simul,
911 1159 1092 1210 saltuque
1122 1160 1313 1210 superbus

169 1223 310 1261 emicat
339 1224 378 1261 in
409 1237 578 1271 currum,
611 1229 651 1262 et
680 1224 862 1262 manibus
892 1224 1054 1263 molitur
1082 1224 1265 1262 habenas

169 1288 295 1327 multa
322 1289 451 1327 virum
480 1289 653 1327 volitans
683 1289 753 1328 dat
781 1290 900 1328 fortia
928 1303 1091 1340 corpora
1119 1289 1224 1338 let03

168 1354 379 1392 semineces
408 1353 535 1391 volvit
563 1353 721 1401 multos,
754 1359 823 1392 aut
852 1355 1009 1405 agmina
1037 1368 1151 1392 curru

168 1418 344 1469 proterit,
377 1423 445 1456 aut
474 1424 606 1469 raptas
635 1419 879 1469 fugientibus
908 1419 1053 1469 ingerit
1081 1419 1224 1457 hastas.
1265 1440 1314 1463 330

168 1483 293 1533 qualis
322 1483 428 1533 apud
456 1483 576 1533 gelidi
607 1497 696 1521 cum
724 1484 889 1522 fiumina
918 1484 1093 1522 concitus
1124 1484 1248 1522 Hebri

169 1548 406 1598 sanguineus
435 1548 595 1586 Mavors
623 1548 748 1599 clipeo
777 1549 966 1599 increpat,
989 1554 1107 1599 atque
1136 1549 1312 1587 furentes

167 1612 269 1651 bella
297 1626 460 1651 movens
488 1613 660 1651 inmittit
689 1627 809 1664 equos
824 1629 833 1662 3
872 1613 931 1651 illi
960 1627 1128 1664 aequore
1157 1621 1294 1664 aperto

168 1682 259 1715 ante
300 1677 427 1716 Notos
467 1677 774 1729 Zephyrumque
811 1678 972 1725 volant3
1010 1678 1133 1729 gemit
1171 1678 1313 1717 ultima

274 1742 391 1792 pulsu

168 1806 320 1845 Thraca
335 1807 482 1857 pedum
497 1823 507 1856 3
528 1808 752 1858 circumque
772 1814 880 1847 atrae
901 1808 1143 1847 Formidinis
1164 1822 1241 1857 ora,
1265 1830 1311 1853 335

169 1871 332 1922 Iraeque
362 1872 626 1924 Insidiaeque,
658 1873 720 1911 dei
750 1874 970 1921 comitatus,
1004 1880 1202 1925 aguntur:

168 1935 259 1974 talis
287 1949 407 1987 equos
437 1937 563 1975 alacer
591 1937 722 1976 media
750 1938 856 1976 inter
883 1939 1032 1989 proelia
1059 1939 1217 1978 Turnus
