1429 2155
445 81 482 112 P.
512 81 712 112 VERGILI
737 81 955 114 MARONIS

154 177 242 215 alba
271 190 370 223 rosa,
401 176 499 215 tales
528 177 639 228 virgo
669 177 789 215 dabat
819 191 884 216 ore
915 178 1084 217 colores:

153 241 265 280 illum
295 242 430 280 turbat
459 255 577 289 amor,
610 241 774 293 figitque
803 242 844 279 in
875 242 1025 292 virgine
1055 243 1198 282 vultus.
1268 265 1300 287 70

155 306 267 345 ardet
296 307 337 344 in
367 320 475 345 arma
504 307 639 357 magis,
668 307 880 357 paucisque
908 307 1065 345 adfatur
1088 308 1297 346 Amatam:

130 375 212 420 ‘ne‚
245 385 402 422 quaeso,
435 385 482 410 ne
511 386 573 410 me
602 372 774 410 lacrimis
804 385 902 410 neve
932 373 1061 410 omine
1090 377 1203 411 tanto

152 451 388 488 prosequere
418 438 458 475 in
488 437 577 475 duri
607 437 822 475 certamina
852 437 995 475 Martis
1024 443 1194 485 euntem,

153 516 176 540 0
205 508 354 550 mater3
394 516 521 553 neque
557 502 663 540 enim
695 503 829 540 Turno
859 516 968 541 mora
997 502 1119 541 libera
1147 503 1295 542 mortis.

152 568 317 606 nuntius
338 567 445 614 haec,
468 567 621 615 Idmon,
646 567 822 618 Phrygio
843 581 930 606 mea
950 567 1057 606 dicta
1077 573 1247 618 tyranno
1268 588 1298 612 75

152 632 259 670 haud
289 632 484 683 placitura
513 632 636 671 refer:
676 646 763 670 cum
794 632 966 683 primum
995 633 1166 671 crastina
1194 632 1298 672 caelo

152 697 328 747 puniceis
357 698 514 736 invecta
543 697 640 735 rotis
670 697 826 735 Aurora
856 697 1024 744 rubebit,

152 775 231 800 non
256 762 426 800 Teucros
448 767 538 812 agat
558 762 599 799 in
623 761 1046 800 Rutulos—Teucrum
1068 776 1175 800 arma
1195 762 1296 813 quie-

260 832 370 865 scant

152 895 192 930 et
220 891 556 930 Rutuli—nostro
586 891 819 930 dirimamus
848 892 1036 943 sanguine
1067 892 1239 943 bellum;

151 953 220 992 illo
250 959 462 1004 quaeratur
491 954 665 993 coniunx
694 954 861 992 Lavinia
890 956 1049 1005 campo.’
1268 968 1300 991 80

206 1019 301 1057 haec
325 1019 392 1057 ubi
417 1019 522 1057 dicta
546 1019 658 1057 dedit
681 1019 921 1069 rapidusque
941 1019 982 1057 in
1003 1023 1107 1057 tecta
1127 1019 1296 1065 recessit,

153 1084 279 1135 poscit
308 1097 428 1134 equos
456 1084 682 1135 gaudetque
712 1090 827 1122 tuens
858 1089 949 1122 ante
979 1097 1047 1122 ora
1074 1084 1296 1131 frementes,

153 1149 338 1187 Pilumno
368 1163 465 1200 quos
496 1150 580 1200 ipsa
609 1149 728 1188 decus
759 1149 870 1187 dedit
899 1149 1095 1199 Orithyia,

153 1215 221 1265 qui
252 1213 420 1253 candore
449 1215 561 1252 nives
590 1214 800 1261 anteirent,
833 1214 1011 1252 cursibus
1039 1227 1162 1252 auras.

153 1279 410 1318 circumstant
430 1279 589 1330 properi
609 1279 767 1330 aurigae
783 1279 1042 1329 manibusque
1058 1279 1253 1317 lacessunt
1268 1291 1299 1322 85

154 1349 314 1395 pectora
342 1343 480 1395 plausa
509 1344 615 1382 cavis
645 1349 685 1383 et
714 1343 813 1382 colla
841 1344 1037 1382 comantia
1065 1348 1238 1394 pectunt.

155 1409 237 1459 ipse
267 1408 410 1447 dehinc
440 1423 534 1447 auro
564 1409 812 1460 squalentem
841 1409 1007 1459 alboque
1037 1409 1228 1446 orichalco

155 1473 372 1512 circumdat
401 1474 560 1512 loricam
591 1475 738 1513 umeris
754 1489 763 1522 ;
802 1474 919 1512 simul
949 1478 1059 1524 aptat
1087 1473 1269 1511 habendo

155 1552 366 1589 ensemque
396 1538 642 1590 clipeumque
672 1544 711 1578 et
739 1539 882 1577 rubrae
911 1552 1055 1577 cornua
1083 1538 1223 1576 cristae
1237 1553 1247 1587 3

155 1617 299 1650 ensem,
319 1617 436 1655 quem
456 1604 600 1642 Dauno
620 1604 845 1655 ignipotens
863 1603 959 1642 deus
979 1604 1061 1654 ipse
1082 1603 1238 1654 parenti
1268 1623 1301 1647 90

154 1669 301 1707 fecerat
330 1674 370 1707 et
401 1669 541 1720 Stygia
570 1669 803 1708 candentem
833 1669 1007 1707 tinxerat
1036 1667 1152 1706 unda.

155 1733 259 1780 exin,
291 1747 390 1784 quae
421 1734 561 1772 mediis
590 1734 743 1785 ingenti
772 1734 918 1772 adnixa
946 1733 1148 1771 columnae

155 1797 318 1836 aedibus
347 1798 540 1847 adstabat,
573 1799 745 1837 validam
774 1800 813 1837 vi
843 1798 1004 1848 corripit
1032 1798 1196 1846 hastam,

156 1862 314 1901 Actoris
345 1864 524 1902 Aurunci
554 1864 734 1914 spolium,
767 1868 1004 1914 quassatque
1034 1867 1268 1900 trementem

156 1927 398 1967 vociferans:
431 1934 568 1975 ‘nunc,
591 1942 612 1966 o
635 1942 852 1979 numquam
872 1928 1061 1965 frustrata
1082 1931 1243 1965 vocatus
1267 1944 1301 1970 95
