1429 2155
100 84 141 115 32

444 83 481 114 Ρ.
509 82 712 114 VERGILI
737 83 955 115 MARONIS

154 195 230 220 neu
259 181 381 219 Troas
411 181 493 219 fieri
523 181 658 220 iubeas
687 181 935 232 Teucrosque
964 183 1104 230 vocari,

156 252 224 284 aut
253 259 389 284 vocem
420 251 572 284 mutare
593 247 709 294 viros,
733 251 802 284 aut
831 251 983 284 vertere
1013 251 1186 285 vestem:
1252 259 1299 290 825

156 311 208 349 sit
236 310 407 356 Latium,
440 309 519 347 sint
550 310 695 348 Albani
726 324 795 360 per
824 310 976 348 saecula
1004 323 1124 361 reges,

158 375 209 413 sit
238 374 418 412 Romana
446 379 587 424 potens
617 373 720 412 Itala
748 375 896 413 virtute
926 388 1122 426 propago;
1144 379 1255 437 x-'f-‚ssu
1367 410 1428 429 ‚rm

157 439 310 486 occidit,
344 438 609 489 occideritque
638 439 743 476 sinas
773 453 860 477 cum
891 439 1047 478 nornine
1077 433 1311 493 Troiass=21
1357 470 1361 482 .

110 518 114 521 ·
157 504 224 542 01Ιί
255 503 462 541 subridens
492 503 696 541 hominum
729 517 935 554 rerumque
964 509 1190 555 repertor:>
1240 519 1250 547 :z

158 582 197 606 es
226 581 412 619 germana
443 567 548 606 Iovis
579 567 818 618 Saturnique
848 568 970 606 altera
998 569 1125 619 proles
1141 584 1151 617 ;
1206 565 1230 620 *A
1250 571 1308 613 a30³
1334 581 1337 585 ·

159 633 305 671 irarum
336 637 469 671 tantos
500 632 626 670 volvis
657 633 729 670 sub
759 638 915 683 pectore
945 634 1097 672 fluctus.
1237 632 1259 661 “f
1291 630 1301 665 ’ἶ
1350 624 1429 673 Ὺ(

159 708 295 733 verum
323 708 393 745 age
420 698 460 732 et
487 695 690 744 inceptum
716 695 864 733 frustra
891 695 1079 734 submitte
1108 696 1302 736 furorem:
1323 682 1338 692 ἡ
1358 686 1429 742 ⁴

159 759 220 807 do,
253 759 357 809 quod
387 759 458 806 vis,
491 764 531 797 et
560 773 622 798 me
652 759 858 809 victusque
889 759 1102 810 volensque
1132 762 1301 800 remitto.

160 837 380 862 sermonem
410 824 578 862 Ausonii
609 824 782 874 patrium
812 837 1018 874 moresque
1047 825 1249 873 tenebunt,

160 893 282 938 utque
313 893 382 936 est,
412 902 555 926 nomen
587 889 686 936 erit3
725 889 930 926 commixti
960 903 1120 939 corpore
1150 894 1306 928 tantum

162 953 369 991 subsident
400 953 552 991 Teucri.
611 967 761 992 morem
792 953 969 1003 ritusque
999 967 1195 992 sacrorum
1259 968 1306 998 836

162 1017 338 1065 adiciam,
370 1017 588 1068 faciamque
620 1031 754 1056 omnes
785 1032 862 1056 uno
893 1031 958 1056 ore
988 1018 1160 1057 Latinos.

162 1083 254 1122 hinc
276 1096 399 1134 genus
423 1083 600 1121 Ausonio
625 1083 797 1121 mixtum
822 1082 927 1133 quod
952 1083 1140 1133 sanguine
1161 1088 1305 1136 surget,
1331 1125 1339 1138 ,ι

163 1162 282 1200 supra
310 1148 501 1195 homines,
535 1161 653 1198 supra
681 1148 737 1185 ire
766 1147 859 1186 deos
889 1147 1035 1203 Eietate
1065 1148 1227 1196 videbis,
1335 1139 1341 1202 '-

163 1227 234 1253 nec
263 1227 359 1265 gens
389 1213 469 1251 ulla
497 1218 586 1251 tuos
616 1226 736 1264 aeque
767 1212 980 1251 celebrabit
1007 1212 1198 1251 honores.’
1239 1225 1311 1257 »840
1368 1216 1429 1241 ΨΑ

164 1279 305 1318 adnuit
334 1278 396 1316 his
426 1278 535 1325 Iuno,
568 1282 608 1315 et
637 1281 812 1315 mentem
841 1277 986 1315 laetata
1015 1277 1197 1316 retorsit:
1307 1268 1311 1278 ²

165 1344 317 1382 interea
346 1342 502 1382 excedit
532 1342 648 1389 caelo,
682 1343 906 1392 nubemque
935 1342 1133 1392 relinquit.

219 1408 281 1447 his
311 1408 407 1446 actis
437 1407 544 1445 aliud
575 1406 741 1445 Genitor
771 1420 900 1445 secum
929 1407 1012 1456 ipse
1040 1406 1194 1445 volutat

167 1473 454 1523 Iuturnamque
483 1476 598 1522 parat
627 1472 759 1509 fratris
789 1471 989 1509 dimittere
1019 1458 1224 1510 ab⁰armis.
1328 1508 1341 1526 ,-
1362 1493 1372 1515 >2
1408 1475 1429 1511 X

168 1538 356 1577 dicuntur
384 1538 563 1588 geminae
592 1542 721 1587 pestes
752 1536 982 1587 cognomine
1012 1529 1191 1583 Diraes')
1211 1528 1233 1549 ³*
1265 1549 1312 1580 845
1339 1542 1345 1564 ⁸-

169 1617 265 1655 quas
296 1607 336 1642 et
364 1603 593 1640 Tartaream
622 1601 715 1639 Nox
745 1601 984 1651 intempesta
1012 1592 1239 1652 Megaeram

168 1683 248 1707 uno
279 1668 496 1718 eodemque
526 1666 620 1705 tulit
651 1672 778 1717 partu,
809 1666 1046 1717 paribusque
1075 1666 1248 1704 revinxit

171 1739 399 1785 serpentum
429 1733 554 1783 spiris,
587 1738 848 1784 ventosasque
877 1731 1033 1770 addidit
1061 1731 1150 1770 alas.

170 1799 243 1837 hae
272 1798 379 1837 Iovis
408 1798 458 1836 ad
488 1798 626 1836 solium
659 1799 842 1849 saevique
871 1798 912 1836 in
941 1796 1078 1834 limine
1106 1796 1207 1847 regis

172 1864 374 1915 adparent,
397 1869 624 1914 acuuntque
644 1868 796 1902 metum
816 1862 1050 1901 mortalibus
1069 1861 1204 1911 aegris,
1267 1873 1317 1903 850

173 1928 205 1966 si
236 1928 394 1980 quando
425 1929 550 1968 letum
580 1929 807 1969 horrificum
838 1928 1071 1978 morbosque
1100 1925 1217 1964 deum
1246 1938 1316 1963 rex
