1429 2155
413 121 418 125 ,
448 83 687 137 {ENEIDOS
713 84 799 115 LIB.
829 83 910 115 XII.
1241 84 1282 115 33

324 152 346 169 ,1
394 158 400 164 =
419 149 424 159 ¹
440 148 448 154 ““
475 141 487 151 ”
507 136 526 144 ’”

137 181 307 229 molitur,
329 172 500 235 *meritae
529 187 598 220 aut
627 182 730 221 bello
759 184 917 221 territat
945 183 1074 221 urbes.

136 245 276 284 harum
305 259 424 284 unam
453 247 618 285 celerem
647 246 807 285 demisit
836 248 884 286 ab
914 247 1072 286 aethere
1101 261 1254 286 summo

136 309 324 360 Iuppiter⁷
357 311 476 361 inque
506 324 620 349 omen
650 311 841 350 Iuturnae
871 325 1071 350 occurrere
1101 313 1223 351 iussit.

135 373 203 412 illa
230 374 347 421 volat,
381 375 573 425 celerique
603 375 652 413 ad
682 380 830 413 terram
859 376 1017 415 turbine
1047 377 1183 415 fertur.
1234 390 1281 421 855

136 451 215 477 non
244 451 353 476 secus
382 452 425 477 ac
454 452 574 477 nervo
605 453 674 489 per
703 440 849 478 nubem
879 440 1034 491 inpulsa
1064 441 1220 491 sagitta,

135 508 325 541 armatam
355 504 460 542 saevi
490 504 662 542 Parthus
692 517 811 554 quam
841 505 930 543 felle
960 506 1112 552 veneni,

135 567 307 606 Parthus
335 568 418 606 sive
449 567 601 618 Cydon,
633 569 758 607 telum
788 568 1074 617 inmedicabile,
1107 570 1232 617 torsit,

134 632 304 671 stridens
334 638 374 671 et
403 633 546 671 celeres
575 633 778 684 incognita
806 634 980 672 transilit
1009 634 1194 673 umbras:

133 697 223 735 talis
252 710 292 736 se
322 702 407 736 sata
437 697 562 736 Nocte
592 698 687 736 tulit
716 704 918 748 terrasque
948 699 1102 749 petivit.
1233 712 1282 736 860

134 767 343 812 postquam
366 763 468 801 acies
498 763 610 801 videt
637 763 775 801 Iliacas
806 768 923 813 atque
952 763 1111 814 agmina
1140 763 1277 810 Turni,

133 827 237 865 alitis
267 828 308 865 in
338 841 482 877 parvae
512 828 686 866 subitam
716 827 878 866 collecta
907 828 1083 879 figuram,

133 905 232 942 quae
262 892 463 942 quondam
493 893 533 930 in
563 893 690 930 bustis
720 897 789 930 aut
819 892 1056 930 culminibus
1087 892 1253 931 desertis

132 960 246 994 nocte
276 955 416 994 sedens
446 969 576 994 serum
605 957 710 995 canit
740 957 956 1007 inportuna
986 971 1056 1008 per
1084 957 1269 996 umbras:

132 1017 232 1055 hanc
262 1030 374 1055 versa
402 1017 443 1055 in
472 1017 613 1056 faciem
643 1018 767 1056 Turni
798 1031 838 1057 se
868 1019 991 1069 pestis
1021 1019 1071 1057 ob
1100 1032 1168 1057 ora
1232 1032 1280 1062 865

132 1082 286 1133 fertque
305 1082 502 1133 refertque
523 1096 676 1130 sonans,
701 1083 948 1133 clipeumque
969 1084 1174 1122 everberat
1193 1083 1274 1122 alis.

132 1147 190 1185 illi
219 1147 394 1185 membra
423 1160 548 1185 novus
578 1147 697 1186 solvit
725 1148 935 1187 formidine
966 1153 1110 1198 torpor,

133 1216 385 1261 arrectaeque
415 1212 577 1250 horrore
607 1225 751 1257 comae,
775 1218 814 1250 et
834 1226 913 1250 vox
936 1212 1114 1251 faucibus
1138 1211 1275 1250 haesit.

133 1282 182 1324 at,
215 1276 350 1327 procul
380 1281 424 1314 ut
453 1276 573 1315 Dirae
604 1276 814 1315 stridorem
844 1277 1036 1328 adgnovit
1066 1281 1106 1315 et
1135 1276 1226 1322 alas,

132 1341 271 1379 infelix
300 1341 426 1379 crines
456 1341 602 1380 scindit
632 1342 800 1380 Iuturna
829 1342 986 1389 solutos,
1230 1354 1278 1384 870

132 1406 330 1457 unguibus
360 1419 428 1444 ora
456 1419 566 1444 soror
594 1406 758 1444 foedans
788 1411 828 1444 et
856 1414 1016 1456 pectora
1044 1406 1211 1457 pugnis:

109 1470 229 1520 ‘quid
258 1483 363 1508 nunc
392 1475 432 1508 te
458 1475 537 1518 tua,
570 1470 713 1517 Turne,
748 1475 879 1521 potest
901 1484 1087 1521 germana
1115 1470 1279 1508 iuvare?

133 1539 202 1573 aut
231 1535 326 1585 quid
356 1535 433 1573 iam
463 1535 583 1574 durae
613 1541 774 1586 superat
797 1535 924 1573 mihi?
954 1548 1031 1585 qua
1053 1534 1128 1572 tibi
1151 1534 1278 1572 lucem

133 1604 216 1638 arte
245 1602 400 1638 morer2
436 1600 534 1638 talin
564 1613 722 1650 possum
754 1613 815 1639 me
846 1612 1044 1650 opponere
1072 1601 1277 1637 monstro?

132 1664 212 1702 iam
233 1664 313 1702 iam
339 1664 476 1714 linquo
498 1664 609 1703 acies.
668 1678 718 1703 ne
738 1678 800 1703 me
822 1668 968 1702 terrete
990 1663 1208 1710 timentem,
1231 1676 1277 1706 875

133 1728 320 1767 obscenae
349 1728 528 1767 volucres
542 1744 552 1776 3
580 1729 732 1767 alarum
762 1729 925 1767 verbera
953 1742 1072 1767 nosco

132 1792 368 1843 letalemque
398 1806 562 1841 sonum3
593 1807 663 1831 nec
692 1793 838 1832 fallunt
867 1794 973 1831 iussa
1002 1793 1172 1843 superba

133 1858 374 1908 magnanimi
404 1858 521 1895 Iovis.
580 1858 674 1896 haec
704 1871 775 1908 pro
804 1858 1036 1909 virginitate
1066 1857 1250 1908 reponit?

133 1934 211 1980 quo
231 1922 355 1960 vitam
375 1921 486 1960 dedit
507 1926 707 1960 aeternam
724 1924 737 1958 ‘2
761 1935 829 1961 cur
853 1923 992 1961 mortis
1013 1922 1200 1972 adempta
1219 1924 1279 1959 est

669 1984 688 2006 C
