1429 2155
45 692 67 709 b*
103 704 105 707 .

7 712 29 733 ε)
103 710 106 744 ὲ

97 77 136 109 10
439 77 476 110 Ρ.
505 78 705 111 VERGILI
729 80 946 113 MARONIS

147 179 363 229 fatalesque
393 193 544 225 manus,
576 180 728 218 infensa
757 180 916 219 Etruria
944 182 1101 220 Turno:

150 243 215 281 vix
246 244 411 290 hostem,
444 244 587 282 alterni
617 244 648 281 si
678 245 988 295 congrediamur,
1021 246 1217 285 habemus.

147 307 212 345 ille
241 308 404 358 quidem
434 308 483 346 ad
513 322 685 359 superos,
718 323 886 360 quorum
915 325 955 349 se
972 311 1156 374 Qat-
1181 313 1267 359 aris,

145 372 328 411 succedet
356 373 471 421 sama,
503 374 697 424 vivusque
726 388 794 425 per
824 389 891 413 ora
918 376 1065 414 feretur
1080 391 1090 424 3
1241 397 1288 420 235

147 451 227 485 nos,
261 438 390 488 patria
420 439 573 484 amissa,
605 438 775 477 dominis
804 453 940 490 parere
969 441 1146 491 superbis

131 515 343 558 lcogemur,
375 503 444 553 qui
474 516 578 541 nunc
608 503 705 542 lenti
736 505 983 544 consedimus
1012 505 1138 545 arvis.'

146 566 291 604 talibus
322 568 481 606 incensa
510 573 569 606 est
598 568 787 607 iuvenum
816 570 1013 608 sententia
1041 570 1155 608 dictis

37 643 44 650 ·'
99 629 224 681 gaiam
267 632 391 683 magis
434 638 553 683 atque
596 634 731 684 magis,
777 635 976 685 serpitque
1018 648 1088 685 per
1133 635 1289 686 agmina

253 710 433 735 murmur
446 713 456 746 ;

106 753 111 806 l
145 761 221 811 ipsi
250 762 467 800 Laurentes
497 764 639 801 mutati
669 764 823 814 ipsique
851 764 996 802 Latini.
1241 786 1290 808 240

146 828 215 877 qui
245 827 319 865 sibi
349 828 427 866 iam
456 829 634 878 requiem
664 842 819 879 pugnae
848 829 1041 880 rebusque
1069 829 1236 868 salutem

147 892 371 942 sperabant,
395 906 499 931 nunc
529 907 637 931 arma
663 894 814 941 volunt,
837 894 1051 945 foedusque
1080 899 1290 945 precantur

146 957 336 995 infectum
367 963 407 996 et
436 958 559 996 Turni
589 964 736 996 sortem
765 959 1002 997 miserantur
1029 959 1214 1010 iniquam.

145 1018 207 1056 his
238 1019 345 1057 aliud
375 1020 501 1058 maius
532 1020 701 1058 Iuturna
730 1021 922 1071 adiungit,
954 1026 994 1059 et
1022 1021 1102 1060 alto

145 1083 215 1121 dat
244 1084 399 1134 signum
432 1084 547 1131 caelo,
581 1098 659 1135 quo
688 1099 767 1123 non
797 1086 1039 1136 praesentius
1068 1085 1192 1124 ullum
1241 1105 1288 1129 245

144 1149 324 1187 turbavit
352 1155 504 1187 mentes
534 1149 654 1187 Italas
684 1156 938 1201 monstroque
966 1150 1115 1188 fefellit.

145 1226 316 1265 namque
346 1214 483 1252 volans
514 1215 632 1253 rubra
661 1215 793 1253 fulvus
824 1216 929 1253 Iovis
958 1215 1037 1254 ales
1066 1215 1106 1253 in
1135 1215 1271 1254 aethra

145 1275 305 1314 litoreas
335 1276 510 1327 agitabat
539 1290 630 1315 aves
659 1278 895 1328 turbamque
924 1282 1130 1316 sonantem

146 1342 314 1392 agminis
344 1341 491 1392 aligeri,
524 1342 657 1380 subito
688 1355 774 1380 cum
805 1342 937 1392 lapsus
965 1342 1014 1380 ad
1043 1341 1169 1380 undas

147 1419 314 1455 cycnum
375 1406 636 1445 excellentem
705 1407 873 1458 pedibus
932 1407 1037 1457 rapit
1097 1407 1288 1458 inprobus

255 1468 372 1506 uncis.
1241 1489 1290 1511 250

145 1546 326 1571 arrexere
356 1534 508 1572 animos
537 1534 639 1580 Itali,
672 1539 911 1585 cunctaeque
939 1533 1116 1571 volucres

146 1604 386 1635 convertunt
415 1598 584 1636 clamore
615 1598 761 1649 fugam,
793 1598 972 1636 mirabile
1001 1598 1099 1644 visu,

146 1663 385 1713 aetheraque
415 1664 628 1702 obscurant
652 1664 796 1714 pinnis,
819 1663 1051 1714 hostemque
1077 1677 1147 1714 per
1175 1676 1288 1701 auras

145 1728 248 1766 facta
277 1729 381 1766 nube
413 1734 608 1778 premunt,
640 1728 763 1766 donec
793 1728 833 1766 vi
862 1728 988 1766 victus
1017 1732 1057 1766 et
1084 1727 1168 1778 ipso

145 1792 318 1843 pondere
348 1793 501 1839 defecit,
535 1792 800 1843 praedamque
830 1806 878 1830 ex
907 1792 1104 1843 unguibus
1133 1791 1212 1830 ales
1241 1811 1288 1835 255

146 1857 311 1908 proiecit
341 1858 471 1904 fluvio,
504 1857 740 1908 penitusque
768 1857 809 1894 in
839 1857 975 1895 nubila
1003 1857 1113 1907 fugit.

145 1925 229 1959 tum
261 1935 354 1959 vero
385 1921 594 1972 augurium
625 1921 766 1960 Rutuli
795 1921 963 1960 clamore
993 1920 1177 1968 salutant,
