1429 2155
451 85 693 118 AENEIDOS
718 85 805 116 LIB.
834 85 917 117 XII.
1247 85 1290 117 23

108 198 118 206 ·
138 191 389 237 testaturque
420 187 523 235 deos,
557 187 703 224 iterum
732 199 772 224 se
802 185 851 224 ad
882 186 1030 237 proelia
1059 186 1155 237 cogi,

138 251 198 290 bis
240 252 316 289 iam
360 250 481 290 Italos
523 252 666 299 hostes,
712 250 808 289 haec
847 251 926 289 iam
967 251 1090 289 altera
1130 249 1289 288 foedera

246 317 388 366 rumpi.
451 365 454 370 ,

140 381 319 419 exoritur
349 381 526 432 trepidos
555 381 660 419 inter
689 380 885 418 discordia
915 381 1042 418 cives:

140 445 278 482 urbem
308 445 374 482 alii
403 458 574 483 reserare
604 445 745 483 iubent
776 450 815 482 et
844 444 1016 494 pandere
1045 451 1179 494 portas

138 507 390 555 Dardanidis,
409 509 619 559 ipsumque
639 509 806 546 trahunt
826 509 866 546 in
887 509 1045 546 moenia
1064 522 1194 559 regen]
1212 523 1220 555 3
1241 522 1287 552 585

140 587 248 611 arma
276 573 410 612 ferunt
440 573 507 611 alii
537 579 577 612 et
606 579 779 624 pergunt
809 572 1019 611 defendere
1050 586 1193 611 muros.

138 637 308 676 inclusas
338 644 383 676 ut
412 651 501 676 cum
531 638 728 676 latebroso
759 638 800 675 in
829 638 985 688 pumice
1015 643 1149 689 pastor

137 702 351 752 vestigavit
381 716 472 753 apes
502 704 689 753 fumoque
719 702 888 753 inplevit
917 717 1048 742 amaro
1062 718 1072 751 ,·

138 766 226 805 illae
256 767 364 805 intus
394 767 572 817 trepidae
602 780 733 805 rerum
762 780 833 817 per
861 780 971 805 cerea
1000 774 1127 805 castra

137 831 376 879 discurrunt,
410 832 642 883 magnisque
672 839 821 871 acuunt
851 833 1089 871 stridoribus
1118 833 1195 871 iras
1211 848 1220 880 ;
1240 854 1288 877 590

137 896 313 935 volvitur
341 902 426 935 ater
456 896 553 935 odor
582 898 696 935 tectis
711 911 721 944 3
752 903 837 935 tum
868 911 1069 936 murmure
1099 911 1211 936 caeco

137 961 245 999 intus
276 975 370 999 saxa
398 967 565 1009 sonant;
594 975 736 999 vacuas
766 962 798 999 it
827 962 958 1000 fumus
988 962 1037 1000 ad
1070 976 1192 1000 auras.

191 1025 333 1064 accidit
363 1025 457 1064 haec
487 1026 599 1064 fessis
629 1026 749 1064 etiam
779 1027 939 1064 fortuna
968 1026 1133 1073 Latinis,

137 1104 236 1141 quae
266 1096 392 1130 totam
422 1091 532 1129 luctu
562 1092 759 1129 concussit
789 1091 969 1129 funditus
1000 1092 1147 1129 urbem.

136 1157 271 1208 regina
299 1162 344 1195 ut
373 1157 487 1195 tectis
518 1157 744 1195 venientem
775 1157 963 1207 prospicit
992 1156 1156 1204 hostem,
1237 1177 1284 1200 595

137 1221 275 1260 incessi
306 1235 449 1268 murOS,
482 1222 592 1272 ignes
624 1221 673 1259 ad
705 1226 809 1259 tecta
838 1222 982 1267 volare,

137 1299 329 1336 nusquam
349 1286 449 1324 acies
471 1291 605 1324 contra
629 1285 808 1333 Rutulas,
829 1286 936 1324 nulla
958 1286 1115 1337 agmina
1135 1286 1259 1324 Turni
1279 1302 1285 1324 :

136 1350 275 1389 infelix
303 1364 458 1402 pugnae
488 1350 673 1389 iuvenem
703 1350 744 1388 in
774 1351 987 1389 certamine
1017 1350 1142 1388 credit

137 1416 378 1454 exstinctum
409 1420 459 1463 et,
492 1415 625 1454 subito
656 1415 1023 1454 mentem·»-tmbata
1051 1415 1196 1462 dolore,

136 1492 177 1517 se
197 1493 350 1518 causam
377 1480 520 1518 clamat
542 1480 770 1531 crimenque
793 1486 989 1530 caputque
1010 1480 1215 1526 malorum,
1236 1493 1286 1517 600

136 1544 339 1594 multaque
368 1558 438 1595 per
468 1550 658 1583 maestum
692 1544 854 1583 demens
886 1544 1002 1582 effata
1030 1544 1201 1582 furorem

136 1621 354 1659 purpureos
382 1609 576 1647 moritura
605 1622 726 1647 manu
755 1608 944 1647 discindit
974 1608 1152 1655 amiotus,

138 1677 177 1711 et
206 1672 354 1711 nodum
383 1673 562 1711 informis
592 1673 662 1711 leti
692 1674 802 1712 trabe
834 1673 959 1711 nectit
988 1673 1036 1711 ab
1067 1672 1155 1710 alta.

138 1750 255 1788 quam
285 1737 435 1775 cladem
464 1737 629 1776 miserae
659 1744 868 1788 postquam
899 1751 1081 1788 accepere
1107 1737 1280 1781 Latinae,

137 1801 217 1840 filia
244 1802 372 1852 prima
401 1815 522 1839 manu
550 1802 667 1840 floros
696 1801 863 1840 Lavinia
893 1802 1020 1841 crines
1235 1815 1283 1845 605

138 1871 179 1904 et
206 1879 335 1904 roseas
364 1865 513 1904 laniata
541 1880 671 1917 genas,
704 1872 787 1905 tum
818 1873 948 1905 cetera
977 1867 1122 1905 circum

138 1931 254 1969 turba
282 1930 379 1968 furit
393 1945 404 1978 3
434 1937 621 1969 resonant
650 1931 728 1969 late
757 1931 1010 1983 plangoribus
1041 1932 1166 1970 aedes
