1429 2155
99 90 139 121 14

442 89 476 120 P.
507 88 709 119 VERGILI
733 88 952 121 MARONIS

150 189 346 227 fumantes
376 188 516 227 sudore
547 189 687 239 quatit,
720 189 941 227 miserabile
971 190 1091 227 caesis

151 254 331 292 hostibus
360 254 584 300 insultans;
623 254 774 303 spargit
804 253 941 303 rapida
969 254 1116 304 ungula
1144 267 1251 293 rores

152 319 398 369 sanguineos,
431 318 635 368 mixtaque
669 331 783 356 eruor
812 318 984 356 calcatur
1012 319 1167 356 harena.
1248 339 1297 362 340

151 383 308 434 iamque
348 383 434 421 neci
479 383 791 432 Sthenelumque
835 382 947 420 dedit
990 382 1296 433 Thamyrimque

261 448 521 498 Pholumque,

153 512 257 551 hunc
291 526 523 563 congressus
558 517 598 550 et
633 512 749 560 hune,
781 512 895 550 illum
930 512 1108 560 eminus,
1145 512 1297 550 eminus

262 578 377 615 ambo

154 641 402 689 Imbrasidas,
434 641 628 680 Glaucum
655 647 773 691 atque
799 641 943 688 Laden,
975 655 1071 691 quos
1100 641 1298 679 Imbrasus

261 707 344 756 ipse

154 772 349 809 nutrierat
379 771 511 821 Lycia,
545 771 787 821 paribusque
817 775 1028 808 ornaverat
1057 771 1184 817 armis,

155 836 218 875 vel
234 837 410 874 conferre
428 850 588 874 manum
606 836 670 874 vel
691 849 791 886 equo
813 840 1060 886 praevertere
1081 840 1230 873 ventos.
1254 855 1300 878 345

155 906 266 952 parte
295 901 371 938 alia
400 900 530 939 media
559 900 757 938 Eumedes
786 901 827 938 in
855 899 1004 950 proelia
1032 899 1166 947 fertur,

155 966 308 1016 antiqui
339 966 468 1016 proles
497 965 602 1004 bello
633 965 832 1016 praeclara
863 964 1040 1011 Dolonis,

147 1030 305 1069 nomine
323 1044 439 1069 avum
456 1031 642 1077 referens,
661 1031 793 1068 animo
810 1029 1068 1080 manibusque
1084 1034 1298 1080 parentem,

157 1095 225 1146 qui
255 1095 465 1146 quondam,
488 1101 615 1133 castra
645 1101 689 1132 ut
710 1094 892 1132 Danaum
923 1094 1143 1144 speculator
1163 1094 1299 1136 adiret,

158 1173 275 1198 ausus
306 1160 466 1198 Pelidae
498 1160 670 1210 pretium
700 1158 776 1197 sibi
805 1171 964 1208 poscere
993 1171 1126 1196 currus
1141 1173 1151 1206 3
1255 1178 1303 1201 350

159 1225 270 1263 illum
301 1225 476 1274 Tydides
507 1224 583 1262 alio
614 1238 685 1274 pro
716 1223 863 1262 talibus
893 1223 996 1261 ausis

160 1290 303 1328 adfecit
332 1289 472 1340 pretio,
505 1303 575 1328 nee
606 1289 716 1340 equis
747 1288 926 1339 adspirat
954 1287 1128 1325 Achillis.

160 1355 263 1392 huno
293 1355 427 1405 procul
457 1360 502 1392 ut
532 1368 668 1404 campo
698 1353 853 1391 Turnus
883 1352 1086 1402 prospexit
1114 1356 1259 1402 aperto,

160 1425 252 1458 ante
282 1419 360 1457 levi
390 1419 518 1458 iaculo
548 1419 710 1470 longum
740 1432 810 1469 per
839 1418 955 1456 inane
985 1422 1148 1462 secutus,

160 1484 265 1522 sistit
295 1497 415 1534 equos
442 1485 595 1535 biiugos
625 1490 665 1522 et
695 1497 810 1521 curru
840 1482 984 1530 desilit,
1014 1487 1131 1531 atque
1257 1500 1304 1523 355

161 1526 395 1587 semianimis
410 1549 597 1600 lapsoque
610 1530 624 1578 s
628 1534 949 1599 supfflvenmlet
980 1545 1079 1597 pede
1109 1545 1206 1583 collo

159 1614 347 1664 inpresso
380 1614 542 1652 dextrae
573 1627 798 1652 mueronem
828 1616 1038 1662 extorquet
1067 1615 1107 1648 et
1135 1609 1215 1647 alto

160 1678 377 1729 fulgentem
399 1661 735 1742 tinguitffiugulos
737 1684 854 1728 atque
876 1677 969 1714 haec
989 1676 1148 1725 insuper
1167 1673 1302 1712 addit:

137 1748 206 1781 ‘en
237 1757 350 1794 agros
380 1750 428 1791 et,
463 1758 581 1794 quam
610 1743 724 1787 bello,
757 1742 936 1787 Troiane,
968 1739 1114 1791 petisti,

162 1807 395 1857 Hesperiam
417 1808 555 1846 metiie
576 1808 728 1846 iacens:
767 1807 862 1845 haec
884 1805 1063 1856 praemia,
1088 1803 1156 1854 qui
1175 1816 1238 1841 me
1257 1815 1306 1846 360

161 1872 263 1910 ferro
294 1873 375 1910 ausi
408 1879 615 1924 temptare,
649 1873 805 1918 ferunt;
839 1871 892 1909 sic
922 1869 1077 1908 moenia
1106 1867 1302 1906 condunt?

161 1937 252 1975 huic
281 1938 464 1976 comitem
498 1938 677 1988 Asbyten
708 1937 883 1975 coniecta
912 1935 1072 1986 cuspide
1100 1933 1236 1980 mittit,
