1429 2155
100 84 142 116 26
446 84 482 117 P.
511 84 712 116 VERGILI
738 85 955 119 MARONIS

154 185 226 223 soli
256 199 326 236 pro
356 185 481 236 portis
512 185 718 235 Messapus
748 191 788 223 et
817 199 904 224 acer
933 187 1074 226 Atinas

111 272 121 288 .·
154 257 382 290 sustentant
415 253 541 291 acies:
577 252 722 290 circum
752 252 824 290 hos
857 253 1057 304 utrimque
1085 254 1297 305 phalanges

54 306 57 308 ‚
108 310 117 327 Ὗ
154 322 262 355 stant
295 317 449 364 densae,
482 317 707 367 strictisque
737 330 846 367 seges
879 318 1131 357 mucronibus
1164 319 1299 358 horret

153 382 302 420 ferrea:
334 388 377 420 tu
407 395 564 420 currum
594 382 749 420 deserto
779 382 819 419 in
850 383 1024 432 gramine
1055 384 1208 422 versas.'

155 446 348 496 obstipuit
377 447 485 484 varia
513 447 698 484 confusus
728 446 898 496 imagine
929 459 1057 484 rerum
1250 461 1299 491 665

118 552 121 557 ,
155 510 313 549 Turnus
343 516 382 549 et
412 511 555 549 obtutu
585 511 706 549 tacito
737 511 873 549 stetit:
912 517 1067 549 aestuat
1096 512 1233 562 ingens

155 588 232 613 uno
262 575 302 612 in
333 574 448 613 corde
478 575 606 625 pudor
634 575 841 626 mixtoque
871 575 1025 614 insania
1053 575 1161 614 luctu

143 630 195 680 *et
224 640 335 677 furiis
365 640 538 690 agitatus
568 653 678 678 amor
707 645 747 678 et
778 640 932 678 conscia
960 640 1096 678 virtus.

153 697 199 742 u't
225 704 396 754 primum
421 703 617 742 discussae
643 704 805 743 umbrae
831 710 871 742 et
895 704 964 742 lux
988 704 1144 743 reddita
1161 705 1296 753 menti,

154 768 337 822 ardentes
368 769 567 807 oculorum
598 769 712 807 orbes
741 768 792 806 ad
821 768 978 807 moenia
1005 769 1123 807 torsit
1251 782 1301 813 670

88 866 91 870 Α
121 822 347 885 ..turbidus
381 847 480 884 eque
509 834 605 872 rotis
634 847 818 884 magnam
848 833 1023 884 respexit
1052 833 1102 872 ad
1130 834 1278 873 urbem.

92 904 100 923 ³
154 910 240 936 ecce
270 903 413 946 autem,
446 899 612 936 flammis
642 899 744 936 inter
773 898 954 937 tabulata
983 899 1139 938 volutus

154 962 204 1000 ad
233 962 384 1001 caelum
413 963 590 1001 undabat
619 970 756 1001 vertex
786 963 1007 1013 turrimque
1037 963 1207 1011 tenebat,

154 1027 306 1074 turrim,
339 1028 550 1078 compactis
581 1028 757 1066 trabibus
788 1041 906 1078 quam
937 1028 1130 1066 eduxerat
1159 1028 1241 1079 ipse

154 1091 461 1142 subdideratque
482 1097 586 1130 rotas
607 1098 826 1142 pontesque
848 1093 1085 1131 instraverat
1106 1092 1215 1131 altos.
1251 1106 1298 1137 675

131 1156 231 1194 ‘iam
261 1157 338 1194 iam
367 1156 459 1202 fata,
492 1170 609 1203 soror,
642 1162 852 1207 superant3
894 1157 1039 1195 absiste
1068 1158 1212 1196 morari
1227 1172 1237 1206 3

154 1234 231 1271 quo
261 1221 357 1259 deus
387 1226 426 1259 et
456 1235 533 1271 quo
563 1221 662 1260 dura
691 1227 805 1260 vocat
835 1222 1003 1269 fortuna,
1036 1236 1253 1273 sequamur.

153 1291 232 1324 stat
259 1286 433 1324 conferre
460 1300 621 1325 manum
646 1283 815 1334 Aeneae,
843 1293 923 1326 stat
949 1288 1144 1339 quidquid
1171 1271 1299 1327 acerbi
1382 1271 1406 1312 's

263 1356 322 1389 est

152 1420 280 1453 morte
309 1416 402 1466 pati,
428 1429 553 1466 neque
583 1429 644 1455 me
671 1417 904 1466 indecorem,
928 1432 1124 1469 germana,
1145 1418 1298 1457 videbis

152 1480 332 1530 amplius.
391 1481 506 1529 hunc,
530 1495 608 1528 oro,
632 1482 715 1520 sine
742 1496 804 1521 me
831 1483 959 1521 furere
986 1489 1077 1521 ante
1100 1483 1297 1522 furorem.'

153 1544 267 1591 dixit,
299 1550 339 1583 et
368 1559 387 1583 e
418 1559 533 1584 curru
569 1546 712 1584 saltum
742 1546 853 1585 dedit
882 1547 988 1586 ocius
1016 1548 1133 1594 arvis,
1248 1561 1295 1586 681

151 1622 298 1659 perque
328 1609 460 1648 hostes
489 1624 558 1661 per
586 1611 665 1649 tela
693 1611 784 1657 ruit,
816 1617 1082 1662 maestamque
1111 1625 1282 1650 sororem

152 1672 298 1711 deserit
326 1688 369 1712 ac
398 1675 536 1725 rapido
566 1688 681 1713 cursu
711 1675 840 1714 media
869 1677 1024 1726 agmina
1052 1677 1212 1727 rumpit.

152 1751 194 1775 ac
224 1738 348 1776 veluti
378 1740 524 1777 montis
554 1753 693 1777 saxum
723 1739 771 1777 de
802 1740 948 1778 vertice
980 1754 1162 1791 praeceps

152 1815 240 1840 cum
268 1803 349 1841 ruit
379 1804 558 1842 avulsum
588 1810 719 1851 vento,
752 1817 819 1842 seu
849 1804 1031 1843 turbidus
1059 1805 1186 1843 imber
1246 1818 1295 1849 685

150 1867 300 1917 proluit
328 1873 398 1906 aut
427 1869 539 1907 annis
569 1868 688 1907 solvit
717 1868 900 1919 sublapsa
927 1873 1113 1916 vetustas,

151 1932 277 1971 fertur
305 1933 345 1970 in
376 1933 588 1983 abruptum
619 1946 760 1983 magno
789 1946 902 1970 mons
930 1933 1117 1984 inprobus
1147 1937 1247 1979 actu,
