1429 2155
441 86 683 119 AENEIDOS
708 86 795 118 Lm,
824 86 907 117 XII.
1239 88 1277 117 19

130 190 292 237 excutit,
324 194 363 227 et
392 189 507 240 longe
538 189 692 240 lapsum
723 195 880 226 temone
911 187 1101 237 relinquit
1116 201 1125 233 3
1229 208 1278 230 470

130 255 213 305 ipsa
243 254 350 292 subit
380 254 640 304 manibusque
669 253 868 291 undantes
898 252 1021 290 flectit
1050 252 1234 299 habenas,

129 325 269 357 cuncta
288 331 435 369 gerens,
459 331 674 368 vocemque
696 324 735 356 et
756 330 896 367 corpus
918 321 958 355 et
977 329 1085 354 arma
1107 316 1273 355 Metisci.

129 385 242 434 nigra
270 382 380 421 velut
409 396 571 433 magnas
602 382 753 420 domini
783 395 871 420 cum
902 381 1037 419 divitis
1067 380 1182 419 aedes

128 447 307 499 pervolat
336 453 375 485 et
404 447 536 497 pinnis
565 447 647 485 alta
677 447 777 484 atria
806 446 958 500 lustrat
961 445 1161 518 ῒ1111110110,

128 512 272 563 pabula
302 525 423 562 parva
452 512 586 562 legens
613 511 796 562 nidisque
825 488 1055 561 loquacibus
1080 523 1195 557 escas,
1228 531 1276 553 475

128 583 168 615 et
197 590 299 615 nuuc
328 577 544 626 pmticibus
575 576 720 621 vacuis,
752 589 857 614 nunc
886 575 1022 614 umida
1050 575 1195 614 circum

128 647 266 693 stagna
295 648 432 679 sonat:
472 641 609 678 similis
639 640 791 678 medios
821 640 989 678 Iuturna
1018 653 1088 690 per
1117 639 1249 678 hostes

127 706 253 744 fertur
281 706 402 756 equis,
435 705 652 755 rapidoque
683 705 819 743 volans
850 705 935 743 obit
965 705 1097 743 omnia
1126 717 1264 752 curs-13

127 771 283 821 iamque
305 770 366 808 hic
383 783 613 821 germanum
630 770 787 820 iamque
804 769 868 807 hic
884 774 1061 808 ostentat
1076 774 1272 815 ovantem,

127 849 197 873 nec
226 835 401 873 conferre
430 847 590 872 manum
619 834 772 884 patitur
786 848 796 881 3
831 834 940 873 volat
966 834 1054 872 avia
1079 834 1204 885 longe.
1227 847 1277 877 480

127 899 232 938 haud
261 899 390 938 minus
421 901 575 937 Aeneas
604 903 731 938 tortos
761 898 859 950 legit
889 899 1029 937 obvius
1059 899 1184 945 orbes,

126 965 375 1015 vestigatque
406 965 535 1002 virum
564 970 605 1002 et
633 963 801 1002 disiecta
830 977 899 1014 per
927 964 1086 1015 agmina
1114 977 1258 1014 magna

126 1042 220 1068 voce
250 1036 373 1069 vocat.
432 1029 616 1080 quotiens
645 1029 779 1068 oculos
809 1029 976 1067 coniecit
1004 1029 1045 1067 in
1074 1028 1240 1077 hostem,

126 1094 404 1146 alipedumque
434 1094 569 1145 fugam
598 1107 716 1132 cursu
746 1095 959 1144 temptavit
989 1107 1190 1144 equorum,

125 1172 281 1197 aversos
310 1159 457 1198 totiens
487 1172 623 1196 currus
654 1158 824 1197 Iuturna
852 1159 1024 1197 retorsit.
1226 1172 1274 1203 485

125 1224 214 1271 heu,
245 1224 342 1274 quid
371 1226 488 1274 agatl
542 1224 653 1262 vario
683 1223 921 1274 nequiquam
952 1223 1120 1262 fluctuat
1149 1231 1270 1270 aestu,

126 1289 383 1339 diversaeque
414 1294 556 1327 vocant
586 1288 761 1326 animum
791 1288 831 1326 in
863 1288 1059 1326 contraria
1088 1302 1213 1326 curae.

127 1354 216 1392 huic
244 1354 460 1403 Messapus,
494 1354 554 1391 uti
583 1353 693 1391 laeva
723 1353 802 1391 duo
830 1353 932 1391 forte
961 1353 1123 1403 gerebat

127 1419 242 1462 lenta,
275 1418 374 1457 levis
404 1432 529 1464 cursu,
560 1419 735 1468 praefixa
765 1418 923 1455 hastilia
951 1418 1064 1463 ferro,

126 1484 265 1523 horum
295 1497 419 1521 unum
449 1489 555 1522 certo
586 1489 851 1533 contorquens
882 1482 1027 1534 derigit
1057 1483 1148 1522 ictu.
1226 1504 1275 1527 490

125 1550 304 1588 substitit
332 1549 499 1595 Aeneas,
531 1555 570 1586 et
599 1561 639 1586 se
669 1548 826 1599 collegit
854 1548 895 1585 in
925 1561 1044 1595 arma,

126 1614 276 1665 poplite
306 1613 540 1661 subsidens,
579 1613 729 1663 apicem
758 1619 892 1650 tamen
922 1613 1044 1651 incita
1077 1626 1274 1651 summum

125 1679 238 1718 hasta
267 1679 370 1725 tulit,
403 1692 655 1728 summasque
685 1678 858 1716 excussit
887 1678 1033 1716 vertice
1063 1679 1208 1716 cristas,

127 1750 213 1782 tum
242 1757 336 1782 vero
366 1743 586 1794 adsurgunt
615 1743 720 1791 irae3
758 1743 991 1793 insidiisque
1021 1743 1214 1789 subactus,

126 1809 303 1847 diversos
331 1809 400 1847 ubi
431 1809 554 1847 sentit
583 1821 705 1859 equos
734 1821 972 1858 currumque
1001 1808 1148 1855 referri,
1226 1828 1275 1852 495

126 1874 252 1913 multa
279 1874 415 1912 Iovem
446 1879 486 1912 et
514 1874 607 1912 laesi
638 1878 807 1911 testatus
837 1873 1007 1912 foederis
1037 1887 1132 1921 aras,

126 1939 205 1981 iam
234 1939 397 1980 tandem
427 1938 583 1977 invadit
611 1938 774 1984 medios,
807 1944 847 1994 et
875 1938 1007 1977 Marte
1037 1938 1208 1977 secundo
