1429 2155
461 96 702 129 AENEIDOS
726 96 814 127 LIB.
842 95 923 127 XII.
1275 96 1294 127 9

150 197 300 236 diluvio
329 198 496 236 miscens
526 197 755 248 caelumque
785 197 826 235 in
855 196 1020 234 Tartara
1049 196 1177 234 solvat
1193 212 1203 244 ς
1247 217 1293 238 205

149 268 194 300 ut
240 267 438 313 sceptrum
484 262 776 300 hoc'—dextra
819 267 1018 312 sceptrum
1059 275 1146 299 nam
1192 261 1293 299 forte

255 327 470 378 gerebat——

126 396 134 412 ‘
147 404 362 441 numquam
385 391 523 430 fronde
547 391 624 430 levi
648 391 792 430 fundet
812 391 983 442 virgulta
1004 404 1075 429 nec
1095 390 1264 436 umbras,

148 469 236 494 cum
267 456 386 494 semel
414 456 455 494 in
484 456 592 494 silvis
622 456 700 494 imo
731 456 779 494 de
808 456 930 506 stirpe
961 456 1126 493 recisum

148 526 272 559 matre
302 525 417 568 caret,
450 521 660 571 posuitque
690 534 819 559 comas
849 526 888 558 et
916 519 1099 559 bracchia
1127 520 1241 567 ferro,

148 586 240 624 olim
270 586 384 624 arbos
400 601 409 634 ;
447 599 552 624 nunc
582 586 742 624 artificis
771 599 911 624 manus
940 598 1028 624 aere
1058 584 1198 623 decoro
1246 605 1295 620 210

147 650 307 689 inclusit
337 651 592 701 patribusque
621 651 733 689 dedit
762 656 915 701 gestare
945 649 1121 688 Latinis.'

147 715 292 754 talibus
322 716 426 754 inter
455 729 495 754 se
525 716 737 754 firmabant
765 715 923 754 foedera
952 715 1067 753 dictis

148 786 361 832 conspectu
389 781 432 819 in
460 781 591 819 medio
620 794 836 831 procerum.
887 787 971 818 tum
1002 781 1076 818 rite
1106 784 1275 818 sacratas

147 846 188 884 in
217 846 414 884 flammam
443 846 624 897 iugulant
653 845 833 897 pecudes,
865 852 906 884 et
934 846 1081 885 viscera
1111 845 1212 883 vivis

149 910 332 961 eripiunt,
364 911 646 961 cumulantque
676 910 849 949 oneratis
878 910 1054 948 lancibus
1083 923 1178 948 aras.
1246 930 1293 952 215

0 988 176 1027 „top-*⁴³-
201 981 368 1024 &ger-0
394 975 554 1014 Rutulis
584 976 700 1026 inpar
730 989 774 1013 ea
802 988 936 1026 pugna
964 975 1090 1013 videri

148 1040 389 1088 iamdudum,
421 1046 460 1079 et
488 1041 598 1080 vario
627 1041 781 1079 misceri
812 1046 971 1091 pectora
998 1045 1110 1078 motu
1125 1056 1135 1089 3

148 1112 233 1143 tum
262 1105 396 1156 magis,
419 1111 465 1144 ut
484 1106 644 1156 propius
670 1110 836 1144 cernunt
864 1119 944 1144 non
965 1105 1114 1143 viribus
1144 1105 1288 1156 aequis.

149 1169 310 1209 adiuvat
339 1171 492 1209 incessu
521 1170 642 1208 tacito
673 1184 899 1221 progressus
928 1175 968 1208 et
997 1183 1103 1208 aram

149 1235 378 1285 suppliciter
406 1249 598 1273 venerans
628 1235 797 1273 demisso
826 1235 974 1273 lumine
1004 1235 1172 1281 Turnus,
1245 1256 1295 1272 220

149 1300 407 1351 tabentesque
436 1313 558 1351 genae
588 1306 628 1338 et
658 1299 832 1338 iuvenali
861 1300 903 1337 in
934 1312 1093 1350 corpore
1122 1299 1258 1350 pallor.

149 1378 265 1416 quem
294 1365 411 1403 simul
441 1378 483 1403 ae
513 1365 682 1403 Iuturna
711 1378 820 1403 soror
850 1365 1090 1403 crebrescere
1119 1364 1222 1403 vidit

149 1443 378 1476 sermonem,
411 1435 451 1468 et
479 1429 587 1481 vulgi
617 1430 769 1468 variare
798 1429 973 1468 labantia
1002 1429 1129 1475 corda,

148 1495 189 1532 in
218 1494 366 1533 medias
395 1495 506 1542 acies,
536 1494 704 1533 formam
733 1494 969 1533 adsimulata
999 1494 1183 1541 Camerti,

149 1559 210 1597 cui
232 1572 356 1611 genus
379 1573 401 1598 a
429 1559 587 1609 proavis
616 1559 754 1610 ingens
785 1558 1009 1609 clarumque
1040 1565 1226 1609 paternae
1246 1579 1294 1602 225

149 1637 292 1661 nomen
322 1629 406 1662 erat
434 1623 605 1672 virtutis,
639 1630 679 1662 et
709 1624 791 1674 ipse
821 1624 1033 1662 acerrimus
1063 1625 1192 1671 armis,

149 1687 189 1725 in
219 1688 366 1726 medias
395 1687 465 1726 dat
493 1701 576 1726 sese
605 1689 717 1735 acies,
745 1688 853 1727 haud
881 1689 1011 1727 nescia
1040 1702 1182 1737 rerum,

149 1765 402 1803 rumoresque
432 1753 527 1791 serit
556 1754 684 1791 varios
714 1767 756 1792 ac
787 1754 881 1792 talia
910 1755 1039 1792 fatur:

126 1821 229 1855 ‘'non
257 1817 391 1867 pudet,
425 1831 446 1855 o
477 1817 626 1865 Rutuli,
661 1832 730 1868 pro
761 1819 910 1856 cunctis
940 1819 1086 1857 talibus
1115 1832 1236 1857 unam

150 1882 346 1936 obiectare
375 1883 578 1943 animam-12
609 1896 824 1941 numerone
853 1898 902 1922 an
933 1884 1083 1923 viribus
1113 1885 1226 1936 aequi
1246 1905 1296 1928 230

150 1937 230 1985 non
251 1939 411 1986 sumfisz
435 1991 440 2003 ¹
465 1952 468 1953 ⁷
487 1975 498 1998 ‚
517 1940 653 1986 omnes
674 1954 713 1986 et
733 1948 854 1987 Troes
875 1956 916 1988 et
933 1937 1119 2030 Krcades'
1136 1937 1180 1988 h‘i
1202 1939 1294 1988 sunt

372 2006 493 2049 ..st
515 2027 523 2048 ς
548 2012 648 2041 102·
806 2006 827 2038 s

210 2092 214 2097 .
258 2108 289 2114 ,Δ
322 2099 327 2105 ,
357 2050 520 2110 ·,’««>“”’
644 2065 720 2112 &a
840 2058 1009 2100 ,Ἀισωὲ
1053 2090 1065 2092 -
1106 2051 1141 2094 ω’

95 2135 101 2142 ·
144 2115 321 2155 :sy
864 2114 872 2155 J
