1429 2155
123 84 161 114 16

464 83 501 114 P.
530 83 732 115 VERGILI
756 83 974 116 MARONIS

172 183 398 222 rescindant
427 183 600 234 penitus,
632 188 795 234 seseque
819 184 860 222 in
887 185 990 223 bella
1013 186 1228 225 remittant.
1269 207 1317 231 390

172 250 328 299 iamque
359 248 494 287 aderat
524 248 685 287 Phoebo
714 257 806 287 ante
836 249 932 288 alios
961 250 1127 289 dilectus
1156 251 1261 302 Iapis

172 313 331 361 Iasides,
364 314 443 351 acri
473 313 674 364 quondam
704 314 765 351 cui
795 319 931 364 captus
960 328 1091 353 amore

173 379 255 429 ipse
285 392 374 417 suas
404 383 518 425 artes,
551 391 621 416 sua
650 391 824 425 munera,
857 379 982 417 laetus
1011 379 1154 430 Apollo

172 443 383 494 augurium
412 443 682 493 citharamque
712 442 832 481 dabat
862 443 1083 494 celeresque
1112 445 1284 496 sagittas.

172 508 249 550 ille.
280 514 326 546 ut
355 508 525 558 depositi
555 508 747 558 proferret
776 509 858 546 fata
886 510 1071 559 parentis,
1267 531 1314 555 395

172 573 268 611 scire
298 577 515 623 potestates
544 572 755 610 herbarum
784 586 977 623 usumque
1006 574 1189 613 medendi

171 637 311 676 maluit
341 643 381 676 et
409 642 538 675 mutas
568 637 716 688 agitare
747 637 938 688 inglorius
967 643 1080 677 artes.

171 703 303 741 stabat
331 703 470 741 acerba
498 702 679 749 fremens,
708 702 910 753 ingentem
937 703 1054 741 nixus
1080 703 1121 741 in
1147 703 1310 752 hastam,

171 769 336 815 Aeneas,
370 781 512 818 magno
542 767 732 805 iuvenum
762 773 802 805 et
831 768 1044 805 maerentis
1072 767 1150 805 Iuli

172 846 374 879 concursu,
407 832 578 870 lacrimis
608 832 819 870 inmobilis.
879 832 946 870 ille
974 837 1124 871 retorto
1266 854 1316 876 400

172 898 388 936 Paeonium
417 898 457 935 in
487 911 637 935 morem
667 897 798 935 senior
826 897 1048 935 succinctus
1078 898 1223 935 amictu

171 963 297 1001 multa
327 975 447 1000 manu
476 961 629 1000 medica
657 961 887 1011 Phoebique
916 962 1144 1012 potentibus
1173 962 1304 1000 herbis

171 1028 413 1079 nequiquam
442 1026 628 1078 trepidat,
660 1027 903 1078 nequiquam
932 1026 1079 1078 spicula
1107 1026 1249 1066 dextra

170 1092 358 1131 sollicitat
386 1097 626 1143 prensatque
656 1092 785 1130 tenaci
814 1091 960 1142 forcipe
989 1092 1145 1130 ferrum.

169 1158 278 1196 nulla
307 1157 413 1196 viam
441 1157 601 1196 fortuna
629 1157 756 1207 regit;
795 1156 895 1194 nihil
924 1161 1058 1195 auctor
1086 1157 1230 1208 Apollo
1266 1177 1314 1201 405

171 1223 356 1262 subvenit
369 1237 379 1271 3
413 1228 453 1261 et
477 1235 616 1261 saevus
642 1222 789 1272 campis
813 1221 937 1272 magis
961 1235 1004 1260 ac
1030 1222 1153 1272 magis
1177 1221 1315 1260 horror

170 1288 380 1327 crebrescit
417 1287 657 1338 propiusque
700 1286 847 1324 malum
892 1291 961 1324 est.
1032 1286 1111 1324 iam
1152 1286 1314 1337 pulvere

278 1353 427 1391 caelum

170 1423 274 1457 stare
302 1417 450 1466 vident,
483 1417 732 1467 subeuntque
759 1416 911 1466 equites
937 1421 977 1454 et
1004 1415 1152 1466 spicula
1178 1415 1314 1454 castris

170 1484 293 1522 densa
318 1482 464 1522 cadunt
491 1482 641 1520 mediis.
700 1482 733 1519 it
759 1481 884 1519 tristis
911 1480 960 1519 ad
985 1480 1144 1519 aethera
1169 1479 1315 1519 clamor

169 1550 385 1589 bellantum
416 1549 601 1586 iuvenum
633 1552 673 1585 et
702 1546 800 1584 duro
830 1546 902 1584 sub
932 1545 1063 1584 Marte
1092 1544 1312 1584 cadentum.

170 1615 233 1653 hic
262 1614 409 1658 Venus,
442 1612 607 1663 indigno
637 1611 720 1650 nati
752 1624 937 1649 concussa
965 1609 1109 1657 dolore,
1266 1630 1313 1652 411

170 1680 413 1718 dictamnum
443 1677 625 1728 genetrix
654 1676 819 1715 Cretaea
848 1675 973 1726 carpit
1000 1674 1049 1712 ab
1078 1674 1161 1721 Ida,

170 1743 384 1795 puberibus
414 1742 563 1781 caulem
593 1741 697 1780 foliis
727 1745 767 1779 et
795 1741 889 1778 flore
919 1744 1141 1778 comantem

169 1822 368 1860 purpureo
383 1823 393 1856 3
431 1821 509 1845 non
539 1806 607 1844 illa
635 1806 726 1844 feris
755 1805 956 1856 incognita
985 1803 1110 1854 capris

170 1874 358 1925 gramina,
391 1886 479 1911 cum
509 1877 620 1921 tergo
650 1870 827 1909 volucres
856 1869 1014 1907 haesere
1044 1867 1221 1919 sagittae.
1266 1886 1315 1910 415

171 1938 244 1977 hoc
277 1938 420 1984 Venus,
452 1937 616 1975 obscuro
646 1935 785 1973 faciem
814 1933 1056 1972 circumdata
1083 1931 1228 1977 nimbo,
