1429 2155
448 87 689 119 AENEIDOS
715 87 801 119 LIB.
832 87 913 118 XII.
1197 90 1201 94 ”
1224 87 1284 122 -17

136 187 304 234 detulit3
343 188 415 226 hoc
445 188 576 226 fusum
607 188 725 226 labris
755 187 1056 238 splendentibus
1085 201 1243 226 amnem

136 252 271 299 inficit,
303 252 454 290 occulte
485 252 693 300 medicans,
727 252 954 303 spargitque
984 252 1158 290 salubres

136 316 353 354 ambrosiae
383 329 494 354 sucos
525 322 565 354 et
595 317 831 355 odoriferam
860 330 1083 367 panaceam.

136 381 236 419 fovit
265 394 309 418 ea
337 380 482 419 vulnus
511 381 674 431 lympha
702 381 918 432 longaevus
948 380 1053 431 Iapis
1237 403 1286 424 420

135 445 330 496 ignorans,
365 445 575 495 subitoque
605 446 732 483 omnis
762 445 809 483 de
840 458 999 495 corpore
1029 446 1133 496 fugit

136 510 281 560 quippe
312 509 434 556 dolor,
467 511 594 548 omnis
624 510 738 548 stetit
767 510 846 547 imo
876 509 1039 548 vulnere
1069 511 1237 561 sanguis.

136 574 292 624 iamque
322 581 456 613 secuta
484 588 655 621 manum,
689 574 797 612 nullo
828 580 1003 625 cogente,
1036 575 1181 626 sagitta

136 639 294 686 excidit,
327 646 445 690 atque
476 653 601 678 novae
630 639 781 678 rediere
811 640 852 677 in
881 640 1049 690 pristina
1077 641 1190 679 vires.

112 707 241 742 ‘arma
267 705 335 742 citi
358 711 566 755 properate
596 706 708 743 viro!
741 704 837 755 quid
864 703 1023 742 statisCl'
1071 704 1176 755 Iapis
1237 727 1284 749 425

136 769 365 816 conclamat,
396 769 626 820 primusque
657 769 809 807 animos
835 770 1014 807 accendit
1041 770 1080 808 in
1106 770 1283 808 hostem:

113 837 215 871 ‘non
244 833 338 872 haec
368 834 552 872 humanis
582 835 734 884 opibus,
766 848 845 872 non
876 840 959 872 arte
991 835 1178 885 magistra

136 898 385 948 proveniunt,
415 912 543 949 neque
568 904 617 946 te,
648 900 795 945 Aenea,
824 913 911 937 mea
937 899 1104 938 dextera
1130 906 1283 948 servat3

136 962 260 1000 maior
289 963 372 1013 agit
401 963 497 1001 deus
527 969 646 1014 atque
676 977 794 1014 opera
823 964 873 1002 ad
902 965 1051 1002 maiora
1081 966 1273 1004 remittit-,³

136 1026 202 1065 ille
232 1027 370 1066 avidus
400 1041 556 1078 pugnae
587 1042 697 1066 suras
727 1028 941 1066 incluserat
970 1043 1065 1067 auro
1237 1052 1286 1074 430

136 1091 229 1131 hinc
249 1098 367 1143 atque
388 1094 490 1141 hinc,
509 1093 673 1144 oditque
694 1107 824 1132 moras
840 1095 1073 1145 hastamque
1094 1102 1281 1134 coruscat.

136 1162 345 1208 postquam
368 1158 511 1196 habilis
535 1159 651 1197 lateri
678 1159 825 1209 clipeus
852 1159 1048 1210 loricaque
1075 1166 1185 1211 tergo
1212 1167 1281 1206 est,

137 1222 350 1260 Ascanium
380 1223 476 1261 fusis
506 1224 653 1262 circum
683 1224 957 1274 complectitur
985 1227 1114 1272 armis,

137 1299 368 1347 summaque
397 1300 467 1337 per
496 1288 648 1338 galeam
678 1288 856 1327 delibans
886 1288 1016 1327 oscula
1045 1290 1176 1328 fatur:

109 1337 251 1399 ‘disce,
283 1365 390 1402 puer,
421 1352 615 1391 virtutem
643 1367 693 1391 ex
722 1367 783 1392 me
813 1367 1028 1404 verumque
1058 1354 1243 1401 laborem,

137 1415 337 1454 fortunam
367 1430 416 1455 ex
446 1416 543 1456 aliis.
603 1431 707 1456 nunc
737 1423 777 1456 te
806 1432 893 1456 mea
909 1418 1072 1456 dextera
1091 1419 1195 1458 bello
1235 1433 1284 1463 436

138 1479 345 1518 defensum
373 1480 496 1528 dabit,
529 1487 570 1520 et
599 1496 741 1533 magna
769 1483 874 1521 inter
902 1484 1076 1533 praemia
1104 1483 1245 1522 ducet:

138 1549 184 1583 tu
212 1545 340 1591 facito,
371 1559 466 1586 mox
495 1560 583 1585 cum
612 1554 767 1586 matura
796 1548 1013 1586 adoleverit
1042 1554 1161 1596 aetas,

138 1610 191 1649 sis
237 1625 397 1660 memor,
420 1606 495 1652 et
546 1619 585 1651 te
633 1603 764 1652 animo
811 1604 1056 1665 repetentem
1104 1612 1285 1666 exempla

245 1671 405 1716 tuorum

139 1746 179 1780 et
206 1747 319 1793 pater
347 1743 503 1782 Aeneas
533 1749 572 1782 et
601 1745 819 1783 avunculus
850 1745 996 1783 excitet
1026 1745 1199 1783 Hector!
1237 1766 1287 1788 440

139 1806 233 1844 haec
261 1806 329 1845 ubi
359 1807 466 1846 dicta
495 1807 616 1856 dedit,
649 1810 775 1859 portis
805 1823 887 1848 sese
918 1809 1065 1847 extulit
1093 1809 1243 1860 ingens,

139 1871 263 1910 telum
285 1872 445 1911 inmane
469 1887 587 1912 manu
613 1874 814 1924 quatiens;
843 1874 960 1911 simul
985 1874 1139 1924 agmine
1163 1874 1286 1912 denso

139 1935 401 2000 Antheusque
422 1938 733 1989 Mnestheusque
754 1944 886 1985 ruunt,
909 1938 1115 1989 omnisque
1137 1938 1285 1976 relictis

675 2001 695 2022 l]

389 2074 504 2109 κυή-
