1429 2155
349 469 394 511 P.
437 469 683 511 VERGILI
727 471 999 512 MARONIS

291 596 1055 660 AENEIDOS

385 727 548 766 LIBER
577 727 960 768 DUODECIMUS.

125 920 308 960 TURNUS
337 926 382 959 ut
409 921 596 959 infractos
626 921 791 960 adverso
822 922 953 960 Marte
983 922 1147 961 Latinos

125 985 311 1024 defecisse
340 986 461 1033 videt,
493 999 563 1024 sua
590 999 694 1024 nunc
723 986 916 1036 promissa
945 988 1108 1037 reposci,

125 1063 165 1088 se
194 1051 338 1101 signari
369 1050 500 1097 oculis,
533 1050 638 1088 ultro
667 1050 913 1100 inplacabilis
943 1051 1057 1090 ardet

125 1115 351 1166 attollitque
381 1115 540 1153 animos,
601 1115 824 1153 Poenorum
854 1115 980 1166 qualis
1010 1116 1052 1154 in
1081 1117 1185 1155 arvis

125 1181 277 1219 saucius
305 1180 371 1219 ille
400 1181 510 1232 gravi
540 1186 759 1219 venantum
788 1181 952 1220 vulnere
981 1186 1118 1232 pectus
1256 1203 1269 1226 5

124 1250 210 1284 tum
239 1246 398 1284 demum
427 1250 560 1284 movet
586 1259 695 1283 arma
721 1245 793 1291 leo,
818 1245 1043 1296 gaudetque
1071 1254 1270 1285 comantes

125 1310 328 1349 excutiens
358 1310 506 1348 cervice
537 1315 653 1357 toros,
686 1310 889 1361 fixumque
918 1310 1083 1349 latronis

124 1375 335 1426 inpavidus
364 1374 511 1425 frangit
540 1374 660 1412 telum
694 1380 733 1413 et
763 1375 896 1413 fremit
925 1388 990 1413 ore
1020 1380 1209 1415 cruento:

123 1439 230 1478 haud
261 1453 371 1478 secus
400 1452 560 1478 accenso
589 1439 720 1490 gliscit
748 1439 939 1477 violentia
968 1439 1113 1478 Turno.

126 1511 210 1544 turn
237 1506 291 1544 sic
319 1505 476 1543 adfatur
502 1518 633 1556 regem
662 1510 780 1554 atque
808 1505 864 1542 ita
890 1505 1073 1542 turbidus
1100 1505 1210 1543 infit:
1240 1526 1270 1542 10

100 1571 230 1610 ‘nulla
268 1584 378 1609 mora
418 1570 459 1608 in
499 1570 658 1617 Turn03
697 1569 796 1607 nihil
837 1574 897 1607 est
935 1569 1041 1619 quod
1076 1569 1182 1608 dicta
1214 1583 1269 1608 re-

230 1637 402 1671 tractent

123 1697 256 1748 ignavi
285 1697 504 1744 Aeneadae,
537 1711 608 1735 nec
638 1710 736 1747 quae
765 1696 949 1747 pepigere
979 1701 1171 1734 recusent.

124 1762 365 1814 congredior.
425 1763 483 1800 fer
511 1775 627 1809 sacra,
661 1766 783 1811 pater,
816 1766 855 1799 et
884 1761 1044 1811 concipe
1073 1760 1220 1799 foedus.

124 1833 194 1865 aut
220 1826 293 1865 hac
320 1820 568 1865 Dardanium
598 1826 740 1864 dextra
769 1826 841 1863 sub
873 1825 1037 1864 Tartara
1065 1825 1224 1863 mittam

124 1890 363 1930 desertorem
385 1890 721 1929 Asiae—sedeant
741 1895 997 1940 spectentque
1017 1890 1203 1928 Latini—
1243 1911 1270 1933 15

124 1961 164 1994 et
192 1956 296 1995 solus
323 1956 424 1994 ferro
454 1955 600 1994 crimen
629 1968 835 1993 commune
864 1954 1050 2001 refellam,

178 2008 200 2035 Ε
659 2018 681 2040 A
