<?xml version="1.0" encoding="UTF-8"?>
<!DOCTYPE html PUBLIC "-//W3C//DTD XHTML 1.0 Transitional//EN"
    "http://www.w3.org/TR/xhtml1/DTD/xhtml1-transitional.dtd">
<html xmlns="http://www.w3.org/1999/xhtml" xml:lang="en" lang="en">
 <head>
  <title>
</title>
<meta http-equiv="Content-Type" content="text/html;charset=utf-8" />
  <meta name='ocr-system' content='tesseract 3.04.00' />
  <meta name='ocr-capabilities' content='ocr_page ocr_carea ocr_par ocr_line ocrx_word'/>
</head>
<body>
  <div class='ocr_page' id='page_1' title='image "aeneidosliberxii00virguoft_0055.png"; bbox 0 0 1429 2155; ppageno 0'>
   <div class='ocr_carea' id='block_1_1' title="bbox 468 96 1300 132">
    <p class='ocr_par' dir='ltr' id='par_1_1' title="bbox 468 96 1300 132">
     <span class='ocr_line' id='line_1_1' title="bbox 468 96 1300 132; baseline 0.001 -1"><span class='ocrx_word' id='word_1_1' title='bbox 468 98 707 131; x_wconf 88' lang='lat' dir='ltr'>AENEIDOS</span> <span class='ocrx_word' id='word_1_2' title='bbox 732 98 820 130; x_wconf 88' lang='lat' dir='ltr'><strong>LIB.</strong></span> <span class='ocrx_word' id='word_1_3' title='bbox 848 96 932 129; x_wconf 88' lang='lat' dir='ltr'><strong>XII.</strong></span> <span class='ocrx_word' id='word_1_4' title='bbox 1260 97 1300 132; x_wconf 84' lang='lat'>27</span> 
     </span>
    </p>
   </div>
   <div class='ocr_carea' id='block_1_2' title="bbox 155 199 1306 2000">
    <p class='ocr_par' dir='ltr' id='par_1_2' title="bbox 155 199 1303 768">
     <span class='ocr_line' id='line_1_2' title="bbox 157 199 1100 251; baseline -0.004 -11"><span class='ocrx_word' id='word_1_5' title='bbox 157 201 406 251; x_wconf 82' lang='lat' dir='ltr'>exsultatque</span> <span class='ocrx_word' id='word_1_6' title='bbox 436 200 529 248; x_wconf 90' lang='lat' dir='ltr'>solo,</span> <span class='ocrx_word' id='word_1_7' title='bbox 562 200 680 238; x_wconf 85' lang='lat' dir='ltr'>silvas</span> <span class='ocrx_word' id='word_1_8' title='bbox 710 205 888 238; x_wconf 86' lang='lat' dir='ltr'>armenta</span> <span class='ocrx_word' id='word_1_9' title='bbox 917 199 1100 248; x_wconf 89' lang='lat' dir='ltr'>virosque</span> 
     </span>
     <span class='ocr_line' id='line_1_3' title="bbox 156 263 1221 315; baseline -0.004 -10"><span class='ocrx_word' id='word_1_10' title='bbox 156 267 361 305; x_wconf 83' lang='lat' dir='ltr'>involvens</span> <span class='ocrx_word' id='word_1_11' title='bbox 390 279 544 304; x_wconf 85' lang='lat' dir='ltr'>secum:</span> <span class='ocrx_word' id='word_1_12' title='bbox 584 265 749 303; x_wconf 85' lang='lat' dir='ltr'>disiecta</span> <span class='ocrx_word' id='word_1_13' title='bbox 777 278 846 315; x_wconf 86' lang='lat' dir='ltr'>per</span> <span class='ocrx_word' id='word_1_14' title='bbox 876 264 1033 315; x_wconf 80' lang='lat' dir='ltr'>agmina</span> <span class='ocrx_word' id='word_1_15' title='bbox 1063 263 1221 301; x_wconf 88' lang='lat' dir='ltr'>Turnus</span> 
     </span>
     <span class='ocr_line' id='line_1_4' title="bbox 156 328 1303 379; baseline -0.004 -10"><span class='ocrx_word' id='word_1_16' title='bbox 156 332 210 369; x_wconf 88' lang='lat' dir='ltr'>sic</span> <span class='ocrx_word' id='word_1_17' title='bbox 238 331 345 369; x_wconf 91' lang='lat' dir='ltr'>urbis</span> <span class='ocrx_word' id='word_1_18' title='bbox 375 331 456 368; x_wconf 91' lang='lat' dir='ltr'>ruit</span> <span class='ocrx_word' id='word_1_19' title='bbox 484 330 533 368; x_wconf 86' lang='lat' dir='ltr'>ad</span> <span class='ocrx_word' id='word_1_20' title='bbox 562 343 707 376; x_wconf 90' lang='lat' dir='ltr'>muros,</span> <span class='ocrx_word' id='word_1_21' title='bbox 739 330 808 367; x_wconf 93' lang='lat' dir='ltr'>ubi</span> <span class='ocrx_word' id='word_1_22' title='bbox 838 329 1007 379; x_wconf 87' lang='lat' dir='ltr'>plurima</span> <span class='ocrx_word' id='word_1_23' title='bbox 1036 328 1123 366; x_wconf 87' lang='lat' dir='ltr'>fuso</span> <span class='ocrx_word' id='word_1_24' title='bbox 1253 340 1303 371; x_wconf 85' lang='lat'>690</span> 
     </span>
     <span class='ocr_line' id='line_1_5' title="bbox 155 392 1300 446; baseline -0.003 -13"><span class='ocrx_word' id='word_1_25' title='bbox 155 395 344 446; x_wconf 79' lang='lat' dir='ltr'>sanguine</span> <span class='ocrx_word' id='word_1_26' title='bbox 368 401 473 433; x_wconf 82' lang='lat' dir='ltr'>terra</span> <span class='ocrx_word' id='word_1_27' title='bbox 495 394 638 441; x_wconf 87' lang='lat' dir='ltr'>madet,</span> <span class='ocrx_word' id='word_1_28' title='bbox 662 393 918 443; x_wconf 68' lang='lat' dir='ltr'>striduntque</span> <span class='ocrx_word' id='word_1_29' title='bbox 943 392 1153 431; x_wconf 82' lang='lat' dir='ltr'>hastilibus</span> <span class='ocrx_word' id='word_1_30' title='bbox 1173 405 1300 438; x_wconf 83' lang='lat' dir='ltr'>aurae,</span> 
     </span>
     <span class='ocr_line' id='line_1_6' title="bbox 156 457 1248 511; baseline -0.004 -13"><span class='ocrx_word' id='word_1_31' title='bbox 156 460 426 511; x_wconf 84' lang='lat' dir='ltr'>significatque</span> <span class='ocrx_word' id='word_1_32' title='bbox 456 472 576 497; x_wconf 86' lang='lat' dir='ltr'>manu</span> <span class='ocrx_word' id='word_1_33' title='bbox 606 464 645 496; x_wconf 92' lang='lat' dir='ltr'>et</span> <span class='ocrx_word' id='word_1_34' title='bbox 675 471 817 509; x_wconf 83' lang='lat' dir='ltr'>magno</span> <span class='ocrx_word' id='word_1_35' title='bbox 846 457 962 495; x_wconf 86' lang='lat' dir='ltr'>simul</span> <span class='ocrx_word' id='word_1_36' title='bbox 992 457 1132 507; x_wconf 87' lang='lat' dir='ltr'>incipit</span> <span class='ocrx_word' id='word_1_37' title='bbox 1162 470 1248 495; x_wconf 90' lang='lat' dir='ltr'>ore:</span> 
     </span>
     <span class='ocr_line' id='line_1_7' title="bbox 155 521 1303 575; baseline -0.003 -13"><span class='ocrx_word' id='word_1_38' title='bbox 155 524 303 575; x_wconf 87' lang='lat' dir='ltr'>parcite</span> <span class='ocrx_word' id='word_1_39' title='bbox 336 525 426 571; x_wconf 83' lang='lat' dir='ltr'>iam,</span> <span class='ocrx_word' id='word_1_40' title='bbox 458 523 610 570; x_wconf 87' lang='lat' dir='ltr'>Rutuli,</span> <span class='ocrx_word' id='word_1_41' title='bbox 644 528 684 561; x_wconf 92' lang='lat' dir='ltr'>et</span> <span class='ocrx_word' id='word_1_42' title='bbox 713 536 783 561; x_wconf 92' lang='lat' dir='ltr'>vos</span> <span class='ocrx_word' id='word_1_43' title='bbox 817 522 896 560; x_wconf 85' lang='lat' dir='ltr'>tela</span> <span class='ocrx_word' id='word_1_44' title='bbox 924 522 1113 569; x_wconf 87' lang='lat' dir='ltr'>inhibete,</span> <span class='ocrx_word' id='word_1_45' title='bbox 1146 521 1303 569; x_wconf 70' lang='lat' dir='ltr'>Latini,</span> 
     </span>
     <span class='ocr_line' id='line_1_8' title="bbox 156 587 1302 639; baseline -0.003 -12"><span class='ocrx_word' id='word_1_46' title='bbox 156 602 423 639; x_wconf 85' lang='lat' dir='ltr'>quaecumque</span> <span class='ocrx_word' id='word_1_47' title='bbox 447 594 506 626; x_wconf 88' lang='lat' dir='ltr'>est</span> <span class='ocrx_word' id='word_1_48' title='bbox 531 588 702 635; x_wconf 85' lang='lat' dir='ltr'>fortuna,</span> <span class='ocrx_word' id='word_1_49' title='bbox 725 601 812 625; x_wconf 80' lang='lat' dir='ltr'>mea</span> <span class='ocrx_word' id='word_1_50' title='bbox 833 592 892 625; x_wconf 90' lang='lat' dir='ltr'>est</span> <span class='ocrx_word' id='word_1_51' title='bbox 907 601 916 634; x_wconf 78' lang='lat'><em>3</em></span> <span class='ocrx_word' id='word_1_52' title='bbox 946 600 1008 625; x_wconf 88' lang='lat' dir='ltr'>me</span> <span class='ocrx_word' id='word_1_53' title='bbox 1029 587 1159 624; x_wconf 83' lang='lat' dir='ltr'>verius</span> <span class='ocrx_word' id='word_1_54' title='bbox 1179 599 1302 624; x_wconf 90' lang='lat' dir='ltr'>unum</span> 
     </span>
     <span class='ocr_line' id='line_1_9' title="bbox 155 651 1302 705; baseline -0.003 -13"><span class='ocrx_word' id='word_1_55' title='bbox 155 667 225 705; x_wconf 91' lang='lat' dir='ltr'>pro</span> <span class='ocrx_word' id='word_1_56' title='bbox 255 653 366 692; x_wconf 91' lang='lat' dir='ltr'>vobis</span> <span class='ocrx_word' id='word_1_57' title='bbox 394 653 532 691; x_wconf 89' lang='lat' dir='ltr'>foedus</span> <span class='ocrx_word' id='word_1_58' title='bbox 561 653 668 691; x_wconf 86' lang='lat' dir='ltr'>luere</span> <span class='ocrx_word' id='word_1_59' title='bbox 698 658 738 690; x_wconf 89' lang='lat' dir='ltr'>et</span> <span class='ocrx_word' id='word_1_60' title='bbox 768 652 977 690; x_wconf 81' lang='lat' dir='ltr'>decernere</span> <span class='ocrx_word' id='word_1_61' title='bbox 1009 651 1138 689; x_wconf 89' lang='lat' dir='ltr'>ferr0.&#39;</span> <span class='ocrx_word' id='word_1_62' title='bbox 1254 664 1302 695; x_wconf 79' lang='lat'>695</span> 
     </span>
     <span class='ocr_line' id='line_1_10' title="bbox 156 716 1148 768; baseline -0.003 -11"><span class='ocrx_word' id='word_1_63' title='bbox 156 719 366 757; x_wconf 76' lang='lat' dir='ltr'>discessere</span> <span class='ocrx_word' id='word_1_64' title='bbox 396 732 530 756; x_wconf 87' lang='lat' dir='ltr'>omnes</span> <span class='ocrx_word' id='word_1_65' title='bbox 559 717 681 756; x_wconf 90' lang='lat' dir='ltr'>medii</span> <span class='ocrx_word' id='word_1_66' title='bbox 710 717 963 768; x_wconf 86' lang='lat' dir='ltr'>spatiumque</span> <span class='ocrx_word' id='word_1_67' title='bbox 993 716 1148 754; x_wconf 85' lang='lat' dir='ltr'>dedere.</span> 
     </span>
    </p>

    <p class='ocr_par' dir='ltr' id='par_1_3' title="bbox 155 781 1306 2000">
     <span class='ocr_line' id='line_1_11' title="bbox 209 781 1108 834; baseline -0.003 -13"><span class='ocrx_word' id='word_1_68' title='bbox 209 790 250 822; x_wconf 81' lang='lat' dir='ltr'>at</span> <span class='ocrx_word' id='word_1_69' title='bbox 280 789 391 834; x_wconf 88' lang='lat' dir='ltr'>pater</span> <span class='ocrx_word' id='word_1_70' title='bbox 420 784 585 830; x_wconf 81' lang='lat' dir='ltr'>Aeneas,</span> <span class='ocrx_word' id='word_1_71' title='bbox 619 782 754 820; x_wconf 84' lang='lat' dir='ltr'>audito</span> <span class='ocrx_word' id='word_1_72' title='bbox 785 782 943 819; x_wconf 89' lang='lat' dir='ltr'>nomine</span> <span class='ocrx_word' id='word_1_73' title='bbox 973 781 1108 829; x_wconf 92' lang='lat' dir='ltr'>Turni,</span> 
     </span>
     <span class='ocr_line' id='line_1_12' title="bbox 155 845 1127 892; baseline -0.004 -5"><span class='ocrx_word' id='word_1_74' title='bbox 155 848 302 887; x_wconf 86' lang='lat' dir='ltr'>deserit</span> <span class='ocrx_word' id='word_1_75' title='bbox 330 854 370 886; x_wconf 86' lang='lat' dir='ltr'>et</span> <span class='ocrx_word' id='word_1_76' title='bbox 400 860 533 885; x_wconf 90' lang='lat' dir='ltr'>muros</span> <span class='ocrx_word' id='word_1_77' title='bbox 563 852 603 885; x_wconf 90' lang='lat' dir='ltr'>et</span> <span class='ocrx_word' id='word_1_78' title='bbox 632 859 804 884; x_wconf 78' lang='lat' dir='ltr'>summas</span> <span class='ocrx_word' id='word_1_79' title='bbox 835 845 982 884; x_wconf 85' lang='lat' dir='ltr'>deserit</span> <span class='ocrx_word' id='word_1_80' title='bbox 1011 859 1127 892; x_wconf 84' lang='lat' dir='ltr'>arces,</span> 
     </span>
     <span class='ocr_line' id='line_1_13' title="bbox 155 910 1304 965; baseline -0.003 -13"><span class='ocrx_word' id='word_1_81' title='bbox 155 914 467 965; x_wconf 75' lang='lat' dir='ltr'>praecipitatque</span> <span class='ocrx_word' id='word_1_82' title='bbox 498 925 627 950; x_wconf 87' lang='lat' dir='ltr'>moras</span> <span class='ocrx_word' id='word_1_83' title='bbox 663 924 809 957; x_wconf 49' lang='lat' dir='ltr'>omnes</span> <span class='ocrx_word' id='word_1_84' title='bbox 842 924 961 961; x_wconf 85' lang='lat' dir='ltr'>opera</span> <span class='ocrx_word' id='word_1_85' title='bbox 994 911 1126 949; x_wconf 87' lang='lat' dir='ltr'>onmia</span> <span class='ocrx_word' id='word_1_86' title='bbox 1155 910 1304 960; x_wconf 85' lang='lat' dir='ltr'>rumpit</span> 
     </span>
     <span class='ocr_line' id='line_1_14' title="bbox 156 975 1305 1026; baseline -0.004 -9"><span class='ocrx_word' id='word_1_87' title='bbox 156 978 309 1017; x_wconf 87' lang='lat' dir='ltr'>laetitia</span> <span class='ocrx_word' id='word_1_88' title='bbox 330 977 532 1016; x_wconf 84' lang='lat' dir='ltr'>exsultans</span> <span class='ocrx_word' id='word_1_89' title='bbox 555 976 878 1026; x_wconf 89' lang='lat' dir='ltr'>horrendumque</span> <span class='ocrx_word' id='word_1_90' title='bbox 899 976 1056 1013; x_wconf 84' lang='lat' dir='ltr'>intonat</span> <span class='ocrx_word' id='word_1_91' title='bbox 1077 975 1194 1013; x_wconf 84' lang='lat' dir='ltr'>armis</span> <span class='ocrx_word' id='word_1_92' title='bbox 1211 991 1218 1013; x_wconf 91' lang='lat'>:</span> <span class='ocrx_word' id='word_1_93' title='bbox 1257 996 1305 1018; x_wconf 87' lang='lat'>700</span> 
     </span>
     <span class='ocr_line' id='line_1_15' title="bbox 157 1040 1303 1095; baseline -0.004 -13"><span class='ocrx_word' id='word_1_94' title='bbox 157 1049 327 1095; x_wconf 85' lang='lat' dir='ltr'>quantus</span> <span class='ocrx_word' id='word_1_95' title='bbox 346 1042 487 1087; x_wconf 84' lang='lat' dir='ltr'>Athos,</span> <span class='ocrx_word' id='word_1_96' title='bbox 511 1047 580 1079; x_wconf 85' lang='lat' dir='ltr'>aut</span> <span class='ocrx_word' id='word_1_97' title='bbox 601 1047 772 1091; x_wconf 83' lang='lat' dir='ltr'>quantus</span> <span class='ocrx_word' id='word_1_98' title='bbox 794 1041 912 1090; x_wconf 81' lang='lat' dir='ltr'>Eryx,</span> <span class='ocrx_word' id='word_1_99' title='bbox 936 1045 1004 1078; x_wconf 88' lang='lat' dir='ltr'>aut</span> <span class='ocrx_word' id='word_1_100' title='bbox 1024 1041 1116 1091; x_wconf 89' lang='lat' dir='ltr'>ipse,</span> <span class='ocrx_word' id='word_1_101' title='bbox 1135 1040 1303 1078; x_wconf 87' lang='lat' dir='ltr'>coruscis</span> 
     </span>
     <span class='ocr_line' id='line_1_16' title="bbox 156 1104 1226 1156; baseline -0.005 -9"><span class='ocrx_word' id='word_1_102' title='bbox 156 1122 244 1148; x_wconf 90' lang='lat' dir='ltr'>cum</span> <span class='ocrx_word' id='word_1_103' title='bbox 273 1107 407 1146; x_wconf 88' lang='lat' dir='ltr'>fremit</span> <span class='ocrx_word' id='word_1_104' title='bbox 436 1106 600 1152; x_wconf 83' lang='lat' dir='ltr'>ilicibus,</span> <span class='ocrx_word' id='word_1_105' title='bbox 636 1111 819 1156; x_wconf 83' lang='lat' dir='ltr'>quantus,</span> <span class='ocrx_word' id='word_1_106' title='bbox 851 1104 1076 1155; x_wconf 79' lang='lat' dir='ltr'>gaudetque</span> <span class='ocrx_word' id='word_1_107' title='bbox 1105 1105 1226 1142; x_wconf 84' lang='lat' dir='ltr'>nivali</span> 
     </span>
     <span class='ocr_line' id='line_1_17' title="bbox 156 1169 1256 1220; baseline -0.005 -8"><span class='ocrx_word' id='word_1_108' title='bbox 156 1173 301 1211; x_wconf 86' lang='lat' dir='ltr'>vertice</span> <span class='ocrx_word' id='word_1_109' title='bbox 331 1185 370 1211; x_wconf 90' lang='lat' dir='ltr'>se</span> <span class='ocrx_word' id='word_1_110' title='bbox 400 1170 585 1209; x_wconf 85' lang='lat' dir='ltr'>attollens</span> <span class='ocrx_word' id='word_1_111' title='bbox 615 1175 729 1220; x_wconf 83' lang='lat' dir='ltr'>pater</span> <span class='ocrx_word' id='word_1_112' title='bbox 760 1169 1023 1220; x_wconf 83' lang='lat' dir='ltr'>Appenninus</span> <span class='ocrx_word' id='word_1_113' title='bbox 1053 1169 1103 1207; x_wconf 81' lang='lat' dir='ltr'>ad</span> <span class='ocrx_word' id='word_1_114' title='bbox 1132 1182 1256 1207; x_wconf 80' lang='lat' dir='ltr'>auras.</span> 
     </span>
     <span class='ocr_line' id='line_1_18' title="bbox 156 1234 1258 1276; baseline -0.005 1"><span class='ocrx_word' id='word_1_115' title='bbox 156 1238 234 1276; x_wconf 80' lang='lat' dir='ltr'>iam</span> <span class='ocrx_word' id='word_1_116' title='bbox 264 1251 356 1276; x_wconf 89' lang='lat' dir='ltr'>vero</span> <span class='ocrx_word' id='word_1_117' title='bbox 386 1242 426 1275; x_wconf 87' lang='lat' dir='ltr'>et</span> <span class='ocrx_word' id='word_1_118' title='bbox 454 1235 595 1274; x_wconf 83' lang='lat' dir='ltr'>Rutuli</span> <span class='ocrx_word' id='word_1_119' title='bbox 625 1234 806 1273; x_wconf 82' lang='lat' dir='ltr'>certatim</span> <span class='ocrx_word' id='word_1_120' title='bbox 837 1239 876 1272; x_wconf 90' lang='lat' dir='ltr'>et</span> <span class='ocrx_word' id='word_1_121' title='bbox 905 1234 1026 1272; x_wconf 85' lang='lat' dir='ltr'>Troes</span> <span class='ocrx_word' id='word_1_122' title='bbox 1055 1242 1094 1272; x_wconf 84' lang='lat' dir='ltr'>et</span> <span class='ocrx_word' id='word_1_123' title='bbox 1123 1247 1258 1272; x_wconf 90' lang='lat' dir='ltr'>omnes</span> 
     </span>
     <span class='ocr_line' id='line_1_19' title="bbox 157 1298 1304 1350; baseline -0.006 -8"><span class='ocrx_word' id='word_1_124' title='bbox 157 1308 383 1342; x_wconf 85' lang='lat' dir='ltr'>convertere</span> <span class='ocrx_word' id='word_1_125' title='bbox 414 1301 545 1340; x_wconf 86' lang='lat' dir='ltr'>oculos</span> <span class='ocrx_word' id='word_1_126' title='bbox 575 1299 679 1347; x_wconf 85' lang='lat' dir='ltr'>Itali,</span> <span class='ocrx_word' id='word_1_127' title='bbox 712 1299 860 1350; x_wconf 89' lang='lat' dir='ltr'>quique</span> <span class='ocrx_word' id='word_1_128' title='bbox 889 1299 970 1337; x_wconf 84' lang='lat' dir='ltr'>alta</span> <span class='ocrx_word' id='word_1_129' title='bbox 998 1298 1188 1337; x_wconf 82' lang='lat' dir='ltr'>tenebant</span> <span class='ocrx_word' id='word_1_130' title='bbox 1257 1319 1304 1342; x_wconf 74' lang='lat'>705</span> 
     </span>
     <span class='ocr_line' id='line_1_20' title="bbox 156 1364 1194 1418; baseline -0.006 -11"><span class='ocrx_word' id='word_1_131' title='bbox 156 1368 320 1416; x_wconf 88' lang='lat' dir='ltr'>moenia,</span> <span class='ocrx_word' id='word_1_132' title='bbox 354 1367 499 1418; x_wconf 89' lang='lat' dir='ltr'>quique</span> <span class='ocrx_word' id='word_1_133' title='bbox 529 1366 628 1404; x_wconf 91' lang='lat' dir='ltr'>imos</span> <span class='ocrx_word' id='word_1_134' title='bbox 659 1364 872 1415; x_wconf 80' lang='lat' dir='ltr'>pulsabant</span> <span class='ocrx_word' id='word_1_135' title='bbox 900 1364 1021 1402; x_wconf 86' lang='lat' dir='ltr'>ariete</span> <span class='ocrx_word' id='word_1_136' title='bbox 1050 1377 1194 1411; x_wconf 86' lang='lat' dir='ltr'>muros,</span> 
     </span>
     <span class='ocr_line' id='line_1_21' title="bbox 158 1427 1277 1483; baseline -0.006 -11"><span class='ocrx_word' id='word_1_137' title='bbox 158 1446 343 1483; x_wconf 86' lang='lat' dir='ltr'>armaque</span> <span class='ocrx_word' id='word_1_138' title='bbox 372 1432 589 1482; x_wconf 88' lang='lat' dir='ltr'>deposuere</span> <span class='ocrx_word' id='word_1_139' title='bbox 619 1430 778 1468; x_wconf 88' lang='lat' dir='ltr'>umeris.</span> <span class='ocrx_word' id='word_1_140' title='bbox 836 1433 971 1479; x_wconf 89' lang='lat' dir='ltr'>stupet</span> <span class='ocrx_word' id='word_1_141' title='bbox 1000 1428 1082 1478; x_wconf 87' lang='lat' dir='ltr'>ipse</span> <span class='ocrx_word' id='word_1_142' title='bbox 1111 1427 1277 1466; x_wconf 78' lang='lat' dir='ltr'>Latinus</span> 
     </span>
     <span class='ocr_line' id='line_1_22' title="bbox 157 1493 1082 1551; baseline -0.008 -14"><span class='ocrx_word' id='word_1_143' title='bbox 157 1499 348 1551; x_wconf 86' lang='lat' dir='ltr'>ingentes,</span> <span class='ocrx_word' id='word_1_144' title='bbox 379 1497 533 1549; x_wconf 83' lang='lat' dir='ltr'>genitos</span> <span class='ocrx_word' id='word_1_145' title='bbox 563 1495 727 1534; x_wconf 88' lang='lat' dir='ltr'>diversis</span> <span class='ocrx_word' id='word_1_146' title='bbox 758 1494 937 1545; x_wconf 84' lang='lat' dir='ltr'>partibus</span> <span class='ocrx_word' id='word_1_147' title='bbox 967 1493 1082 1540; x_wconf 89' lang='lat' dir='ltr'>orbis,</span> 
     </span>
     <span class='ocr_line' id='line_1_23' title="bbox 157 1558 1033 1603; baseline -0.009 0"><span class='ocrx_word' id='word_1_148' title='bbox 157 1565 262 1603; x_wconf 86' lang='lat' dir='ltr'>inter</span> <span class='ocrx_word' id='word_1_149' title='bbox 289 1577 330 1602; x_wconf 86' lang='lat' dir='ltr'>se</span> <span class='ocrx_word' id='word_1_150' title='bbox 359 1563 496 1601; x_wconf 87' lang='lat' dir='ltr'>coiisse</span> <span class='ocrx_word' id='word_1_151' title='bbox 527 1561 631 1599; x_wconf 90' lang='lat' dir='ltr'>viros</span> <span class='ocrx_word' id='word_1_152' title='bbox 662 1566 702 1598; x_wconf 89' lang='lat' dir='ltr'>et</span> <span class='ocrx_word' id='word_1_153' title='bbox 732 1572 889 1598; x_wconf 88' lang='lat' dir='ltr'>cernere</span> <span class='ocrx_word' id='word_1_154' title='bbox 919 1558 1033 1596; x_wconf 84' lang='lat' dir='ltr'>ferro.</span> 
     </span>
     <span class='ocr_line' id='line_1_24' title="bbox 159 1622 1306 1679; baseline -0.008 -12"><span class='ocrx_word' id='word_1_155' title='bbox 159 1635 275 1679; x_wconf 83' lang='lat' dir='ltr'>atque</span> <span class='ocrx_word' id='word_1_156' title='bbox 303 1628 372 1674; x_wconf 84' lang='lat' dir='ltr'>illi,</span> <span class='ocrx_word' id='word_1_157' title='bbox 404 1632 450 1666; x_wconf 93' lang='lat' dir='ltr'>ut</span> <span class='ocrx_word' id='word_1_158' title='bbox 479 1639 602 1664; x_wconf 85' lang='lat' dir='ltr'>vacuo</span> <span class='ocrx_word' id='word_1_159' title='bbox 633 1630 851 1676; x_wconf 85' lang='lat' dir='ltr'>patuerunt</span> <span class='ocrx_word' id='word_1_160' title='bbox 881 1636 1049 1674; x_wconf 90' lang='lat' dir='ltr'>aequore</span> <span class='ocrx_word' id='word_1_161' title='bbox 1079 1622 1216 1672; x_wconf 80' lang='lat' dir='ltr'>campi,</span> <span class='ocrx_word' id='word_1_162' title='bbox 1257 1642 1306 1665; x_wconf 75' lang='lat'>710</span> 
     </span>
     <span class='ocr_line' id='line_1_25' title="bbox 159 1687 1090 1744; baseline -0.005 -15"><span class='ocrx_word' id='word_1_163' title='bbox 159 1706 346 1744; x_wconf 85' lang='lat' dir='ltr'>procursu</span> <span class='ocrx_word' id='word_1_164' title='bbox 375 1691 526 1742; x_wconf 88' lang='lat' dir='ltr'>rapido,</span> <span class='ocrx_word' id='word_1_165' title='bbox 558 1690 742 1729; x_wconf 88' lang='lat' dir='ltr'>coniectis</span> <span class='ocrx_word' id='word_1_166' title='bbox 773 1689 925 1727; x_wconf 91' lang='lat' dir='ltr'>eminus</span> <span class='ocrx_word' id='word_1_167' title='bbox 956 1687 1090 1734; x_wconf 80' lang='lat' dir='ltr'>hastis,</span> 
     </span>
     <span class='ocr_line' id='line_1_26' title="bbox 158 1755 1166 1806; baseline -0.006 -11"><span class='ocrx_word' id='word_1_168' title='bbox 158 1757 353 1796; x_wconf 84' lang='lat' dir='ltr'>invadunt</span> <span class='ocrx_word' id='word_1_169' title='bbox 382 1756 554 1794; x_wconf 84' lang='lat' dir='ltr'>Martem</span> <span class='ocrx_word' id='word_1_170' title='bbox 584 1755 717 1806; x_wconf 88' lang='lat' dir='ltr'>clipeis</span> <span class='ocrx_word' id='word_1_171' title='bbox 747 1760 865 1804; x_wconf 83' lang='lat' dir='ltr'>atque</span> <span class='ocrx_word' id='word_1_172' title='bbox 896 1766 983 1791; x_wconf 80' lang='lat' dir='ltr'>aere</span> <span class='ocrx_word' id='word_1_173' title='bbox 1014 1765 1166 1790; x_wconf 87' lang='lat' dir='ltr'>sonoro.</span> 
     </span>
     <span class='ocr_line' id='line_1_27' title="bbox 159 1816 1252 1872; baseline -0.006 -12"><span class='ocrx_word' id='word_1_174' title='bbox 159 1821 228 1860; x_wconf 83' lang='lat' dir='ltr'>dat</span> <span class='ocrx_word' id='word_1_175' title='bbox 256 1821 448 1872; x_wconf 84' lang='lat' dir='ltr'>gemitum</span> <span class='ocrx_word' id='word_1_176' title='bbox 477 1820 595 1858; x_wconf 90' lang='lat' dir='ltr'>tellus</span> <span class='ocrx_word' id='word_1_177' title='bbox 611 1835 621 1868; x_wconf 81' lang='lat'><em>3</em></span> <span class='ocrx_word' id='word_1_178' title='bbox 659 1825 746 1857; x_wconf 89' lang='lat' dir='ltr'>tum</span> <span class='ocrx_word' id='word_1_179' title='bbox 776 1818 932 1857; x_wconf 86' lang='lat' dir='ltr'>crebros</span> <span class='ocrx_word' id='word_1_180' title='bbox 963 1817 1121 1855; x_wconf 87' lang='lat' dir='ltr'>ensibus</span> <span class='ocrx_word' id='word_1_181' title='bbox 1151 1816 1252 1854; x_wconf 86' lang='lat' dir='ltr'>ictus</span> 
     </span>
     <span class='ocr_line' id='line_1_28' title="bbox 159 1882 1276 1938; baseline -0.006 -13"><span class='ocrx_word' id='word_1_182' title='bbox 159 1886 436 1938; x_wconf 82' lang='lat' dir='ltr'>congeminant</span> <span class='ocrx_word' id='word_1_183' title='bbox 451 1900 460 1933; x_wconf 77' lang='lat'><em>3</em></span> <span class='ocrx_word' id='word_1_184' title='bbox 497 1885 576 1923; x_wconf 87' lang='lat' dir='ltr'>fors</span> <span class='ocrx_word' id='word_1_185' title='bbox 605 1890 645 1922; x_wconf 87' lang='lat' dir='ltr'>et</span> <span class='ocrx_word' id='word_1_186' title='bbox 673 1884 798 1922; x_wconf 89' lang='lat' dir='ltr'>virtus</span> <span class='ocrx_word' id='word_1_187' title='bbox 828 1883 1045 1921; x_wconf 86' lang='lat' dir='ltr'>miscentur</span> <span class='ocrx_word' id='word_1_188' title='bbox 1072 1882 1113 1919; x_wconf 89' lang='lat' dir='ltr'>in</span> <span class='ocrx_word' id='word_1_189' title='bbox 1144 1894 1276 1919; x_wconf 87' lang='lat' dir='ltr'>unum.</span> 
     </span>
     <span class='ocr_line' id='line_1_29' title="bbox 160 1948 1306 2000; baseline -0.005 -11"><span class='ocrx_word' id='word_1_190' title='bbox 160 1965 203 1990; x_wconf 82' lang='lat' dir='ltr'>ac</span> <span class='ocrx_word' id='word_1_191' title='bbox 232 1950 342 1989; x_wconf 83' lang='lat' dir='ltr'>velut</span> <span class='ocrx_word' id='word_1_192' title='bbox 370 1949 523 2000; x_wconf 85' lang='lat' dir='ltr'>ingenti</span> <span class='ocrx_word' id='word_1_193' title='bbox 553 1949 634 1987; x_wconf 85' lang='lat' dir='ltr'>Sila</span> <span class='ocrx_word' id='word_1_194' title='bbox 663 1961 866 1986; x_wconf 88' lang='lat' dir='ltr'>summove</span> <span class='ocrx_word' id='word_1_195' title='bbox 896 1948 1083 1986; x_wconf 87' lang='lat' dir='ltr'>Taburno</span> <span class='ocrx_word' id='word_1_196' title='bbox 1259 1964 1306 1989; x_wconf 86' lang='lat'>715</span> 
     </span>
    </p>
   </div>
   <div class='ocr_carea' id='block_1_3' title="bbox 174 2049 625 2134">
    <p class='ocr_par' dir='ltr' id='par_1_4' title="bbox 174 2049 625 2134">
     <span class='ocr_line' id='line_1_30' title="bbox 341 2049 346 2068; baseline 0 0"><span class='ocrx_word' id='word_1_197' title='bbox 341 2049 346 2068; x_wconf 75' lang='lat' dir='ltr'>r</span> 
     </span>
     <span class='ocr_line' id='line_1_31' title="bbox 174 2075 617 2123; baseline 0.005 -33"><span class='ocrx_word' id='word_1_198' title='bbox 174 2087 205 2123; x_wconf 32' lang='grc' dir='ltr'>*ἦ</span> <span class='ocrx_word' id='word_1_199' title='bbox 231 2090 236 2099; x_wconf 69' lang='lat'>,</span> <span class='ocrx_word' id='word_1_200' title='bbox 263 2085 267 2090; x_wconf 86' lang='lat'>.</span> <span class='ocrx_word' id='word_1_201' title='bbox 316 2075 512 2111; x_wconf 45' lang='lat'>⁴2*‘›‡¹&#39;‘·‹*⁴2</span> <span class='ocrx_word' id='word_1_202' title='bbox 563 2077 617 2104; x_wconf 34' lang='grc' dir='ltr'>απ.</span> 
     </span>
     <span class='ocr_line' id='line_1_32' title="bbox 466 2124 625 2134; baseline 0.006 -1"><span class='ocrx_word' id='word_1_203' title='bbox 466 2128 479 2134; x_wconf 68' lang='grc' dir='ltr'>,ι</span> <span class='ocrx_word' id='word_1_204' title='bbox 620 2124 625 2134; x_wconf 91' lang='grc' dir='ltr'>Ι</span> 
     </span>
    </p>
   </div>
   <div class='ocr_carea' id='block_1_4' title="bbox 271 2114 438 2155">
    <p class='ocr_par' dir='ltr' id='par_1_5' title="bbox 271 2114 499 2155">
     <span class='ocr_line' id='line_1_33' title="bbox 271 2114 438 2155; baseline -0.018 -6"><span class='ocrx_word' id='word_1_205' title='bbox 271 2114 315 2155; x_wconf 49' lang='lat' dir='ltr'>xN</span> <span class='ocrx_word' id='word_1_206' title='bbox 417 2135 438 2147; x_wconf 45' lang='grc' dir='ltr'>ς,</span> 
     </span>
    </p>
   </div>
  </div>
 </body>
</html>
