1429 2155
104 70 146 100 24
450 71 486 101 P.
515 70 715 102 VERGILI
740 71 958 105 MARONIS

158 169 249 207 hinc
279 175 405 208 totam
434 170 576 208 infelix
605 171 789 221 vulgatur
817 173 923 211 fama
950 187 1020 224 per
1047 174 1207 212 urbem:

159 233 379 272 demittunt
407 240 586 284 mentes3
615 235 648 273 it
677 236 795 274 scissa
823 244 931 275 veste
962 237 1138 284 Latinus,

159 298 334 350 coniugis
364 300 559 338 attonitus
588 299 682 338 fatis
712 301 899 351 urbisque
928 302 1052 350 ruina,
1252 316 1301 340 610

159 363 344 402 canitiem
373 364 567 403 inmundo
596 365 794 415 perfusam
824 365 985 416 pulvere
1015 372 1189 417 turpans,

152 427 373 479 [multaque
403 442 443 467 se
473 430 637 476 incusat,
669 430 737 480 qui
766 443 846 468 non
875 432 1073 481 acceperit
1102 438 1194 470 ante

158 492 405 531 Dardanium
434 494 609 542 Aenean,
636 507 903 545 generumque
927 495 1138 534 adsciverit
1166 495 1300 548 ultro]

200 550 363 596 interea
392 563 569 597 extremo
598 558 765 597 bellator
794 559 835 596 in
864 572 1031 610 aequore
1061 560 1218 598 Turnus

159 622 338 672 palantes
368 623 547 673 sequitur
575 637 729 673 paucos,
763 623 841 661 iam
871 624 1027 674 segnior
1055 631 1173 675 atque
1255 639 1302 668 615

159 687 238 725 iam
267 687 398 725 minus
429 692 547 738 atque
576 688 707 725 minus
737 701 917 726 successu
945 688 1071 726 laetus
1101 701 1300 739 equorum.

160 751 298 790 attulit
326 751 430 790 hunc
459 752 518 790 illi
548 753 669 790 caecis
701 752 918 790 terroribus
947 766 1041 791 aura

160 816 419 854 commixtum
449 817 668 864 clamorem,
700 821 949 867 arrectasque
979 817 1124 867 inpulit
1152 830 1264 856 aures

160 881 344 919 confusae
375 895 492 919 sonus
522 881 629 919 urbis
660 887 699 919 et
728 881 953 919 inlaetabile
983 895 1169 919 murmur.

137 945 223 983 ‘hei
248 945 356 992 mihi,
384 945 480 996 quid
507 950 620 984 tanto
647 945 863 984 turbantur
892 946 1048 984 moenia
1074 946 1211 984 luctu?
1257 959 1306 983 620

162 1010 300 1060 quisve
329 1011 411 1047 ruit
440 1015 575 1048 tantus
605 1010 762 1048 diversa
791 1009 938 1048 clamor
965 1010 1014 1048 ab
1043 1010 1182 1048 urbeCl’

162 1074 215 1112 sic
245 1075 310 1122 ait,
343 1074 603 1125 adductisque
633 1088 769 1112 amens
800 1074 980 1112 subsistit
1008 1074 1182 1113 habenis.

162 1144 280 1189 atque
310 1139 411 1186 huic,
443 1139 485 1177 in
514 1140 653 1177 faciem
682 1153 793 1178 soror
821 1144 867 1177 ut
896 1152 1083 1178 conversa
1110 1139 1269 1177 Metisci

160 1204 319 1255 aurigae
350 1217 584 1254 currumque
615 1209 654 1241 et
684 1217 805 1254 equos
835 1209 875 1242 et
903 1203 987 1242 lora
1014 1203 1185 1255 regebat,

160 1268 307 1307 talibus
341 1269 509 1307 occurrit
538 1268 677 1307 dictis:
717 1269 821 1314 ‘hac,
854 1268 997 1316 Turne,
1030 1281 1239 1319 sequamur
1257 1282 1305 1312 625

161 1333 414 1385 Troiugenas,
447 1347 524 1384 qua
552 1333 678 1383 prima
707 1333 813 1371 viam
842 1333 1008 1371 victoria
1035 1333 1199 1384 pandit;

162 1403 255 1436 sunt
285 1398 363 1445 alii,
395 1399 463 1449 qui
492 1403 598 1436 tecta
625 1411 746 1436 manu
776 1397 986 1436 defendere
1015 1397 1177 1448 possint.

162 1463 312 1514 ingruit
341 1463 496 1502 Aeneas
525 1463 638 1501 Italis
667 1468 708 1501 et
736 1463 1061 1518 PPQellaffimlffletae

162 1533 202 1566 et
230 1541 301 1566 nos
330 1541 446 1566 saeva
474 1541 595 1566 manu
624 1519 829 1566 mittamus
858 1528 997 1566 funera
1025 1527 1206 1566 Teucris:

162 1606 233 1631 nec
252 1605 417 1631 numero
437 1593 610 1641 inferior,
627 1606 782 1644 pugnae
803 1606 873 1631 nec
893 1592 1041 1630 honore
1057 1591 1237 1630 recedes.'
1256 1605 1306 1635 630

162 1657 320 1696 Turnus
348 1657 398 1696 ad
427 1657 544 1695 haec:

138 1725 147 1742 ‘
160 1735 182 1760 ο
203 1736 322 1769 soror,
346 1727 385 1760 et
405 1721 557 1760 dudum
578 1721 760 1773 adgnovi,
784 1735 872 1760 cum
893 1721 1019 1771 prima
1041 1734 1112 1772 per
1133 1726 1259 1759 artem

162 1787 322 1825 foedera
349 1787 521 1825 turbasti
552 1792 670 1838 teque
699 1787 794 1825 haec
824 1787 866 1824 in
895 1785 997 1824 bella
1026 1785 1181 1832 dedisti,

163 1857 202 1889 et
231 1866 333 1890 nuuc
362 1852 603 1903 nequiquam
634 1852 738 1890 fallis
767 1851 849 1889 dea.
909 1850 977 1889 sed
1007 1849 1094 1900 quis
1130 1849 1303 1901 Olympo

163 1915 371 1954 demissam
401 1922 533 1955 tantos
563 1916 690 1955 voluit
718 1921 756 1954 te
786 1916 886 1954 ferre
915 1914 1099 1953 labores?
1255 1927 1304 1958 635
