1429 2155
445 100 481 130 P.
511 99 711 131 VERGILI
736 99 955 132 MARONIS

152 199 258 237 haud
289 213 397 237 secus
428 199 613 238 instructi
648 200 750 238 ferro
781 214 898 251 quam
929 201 960 238 si
990 214 1127 251 aspera
1155 202 1298 240 Martis

151 277 286 314 pugna
316 269 451 302 vocet:
491 278 562 302 nec
592 278 670 302 non
700 265 841 302 mediis
872 266 910 303 in
942 265 1101 304 milibus
1130 266 1203 316 ipsi
1253 287 1298 310 125

152 328 336 366 ductores
366 342 460 366 auro
491 329 660 367 volitant
691 334 874 379 ostroque
904 331 1072 380 superbi,

153 398 191 430 et
220 406 342 443 genus
374 394 555 431 Assaraci
585 394 828 440 Mnestheus,
862 400 901 431 et
929 394 1042 432 fortis
1071 394 1211 441 Asilas,

152 464 191 495 et
222 458 429 508 Messapus
460 471 605 508 equum
636 458 817 506 domitor,
852 459 1056 509 Neptunia
1084 459 1221 510 proles.

152 528 274 573 utque
304 523 397 561 dato
428 524 540 574 signo
570 525 698 574 spatia
727 524 768 562 in
798 537 867 562 sua
896 524 1063 575 quisque
1092 524 1260 570 recessit,

153 587 330 639 defigunt
361 588 492 626 telluri
523 588 657 626 hastas
687 594 727 627 et
757 594 867 627 scuta
897 589 1100 628 reclinant,
1254 609 1302 632 130

152 658 237 690 tum
266 653 399 691 studio
429 654 572 691 effusae
602 658 749 691 matres
779 659 818 691 et
848 653 986 704 volgus
1016 653 1210 691 inermum

152 717 396 768 invalidique
427 731 539 756 senes
569 723 698 756 turres
729 724 769 756 et
799 723 902 756 tecta
932 718 1140 756 domorum

153 781 350 829 obsedere,
384 782 449 820 alii
480 782 604 832 portis
635 783 870 821 sublimibus
901 782 1071 822 adstant.

207 852 247 885 at
277 846 376 884 Iuno
406 860 426 885 e
456 860 620 895 summo,
644 849 711 898 qui
739 861 843 886 nunc
869 847 1049 886 Albanus
1079 847 1300 886 habetur—

153 917 238 949 tum
287 925 415 962 neque
464 926 609 951 nomen
657 918 741 951 erat
788 926 859 951 nec
906 912 1030 951 honos
1071 918 1139 951 aut
1178 912 1302 963 gloria

261 977 443 1014 monti—
1255 998 1301 1021 135

153 1042 394 1092 prospiciens
424 1043 580 1080 tumulo
610 1057 789 1093 campum
821 1044 1046 1094 aspectabat,
1076 1049 1115 1082 et
1144 1043 1278 1082 ambas

152 1106 398 1145 Laurentum
429 1107 655 1158 Troumque
686 1108 787 1146 acies
816 1109 1031 1158 urbemque
1061 1108 1204 1147 Latini.

153 1172 353 1222 extemplo
384 1172 507 1210 Turni
539 1172 592 1209 sic
622 1178 682 1209 est
711 1172 845 1210 adfata
874 1186 1055 1219 sororem,

153 1236 245 1274 diva
273 1236 399 1283 deam,
432 1237 581 1287 stagnis
612 1251 712 1287 quae
742 1238 1049 1288 fluminibusque
1080 1238 1229 1276 sonoris

153 1301 377 1351 praesidet3
406 1301 510 1339 hunc
531 1301 589 1339 illi
610 1315 681 1339 rex
701 1302 872 1339 aetheris
894 1302 996 1340 altus
1017 1302 1206 1340 honorem
1256 1323 1302 1346 140

153 1366 334 1416 Iuppiter
363 1372 500 1416 erepta
530 1380 599 1417 pro
629 1366 860 1417 virginitate
890 1367 1081 1404 sacravit:

153 1431 340 1481 nympha,
363 1431 482 1469 decus
506 1431 728 1479 fluviorum,
751 1431 882 1470 animo
906 1431 1130 1482 gratissima
1152 1436 1297 1478 nostro,

153 1496 225 1533 scis
255 1502 299 1533 ut
329 1501 368 1534 te
399 1496 549 1534 cunctis
579 1510 708 1544 unam,
732 1509 1000 1546 quaecumque
1029 1495 1193 1534 Latinae

153 1561 396 1610 magnanimi
425 1560 532 1598 Iovis
562 1562 763 1611 ingratum
795 1561 1004 1599 ascendere
1035 1561 1173 1608 cubile,

152 1625 418 1675 praetulerim,
451 1626 624 1676 caelique
655 1626 781 1664 libens
811 1626 852 1664 in
882 1630 992 1676 parte
1022 1625 1206 1664 Iocarim:
1254 1645 1299 1669 145

153 1689 257 1727 disce
287 1695 413 1737 tuum,
444 1704 494 1728 ne
524 1704 584 1728 ine
616 1691 779 1738 incuses,
813 1690 990 1737 Iuturna,
1022 1690 1207 1728 dolorem.

153 1768 229 1804 qua
258 1755 342 1792 visa
372 1761 431 1793 est
460 1755 638 1793 Fortuna
667 1756 750 1805 pati
780 1756 1003 1806 Parcaeque
1033 1755 1214 1793 sinebant

154 1819 289 1858 cedere
320 1834 380 1857 res
410 1820 535 1865 Latio,
569 1820 746 1858 Turnum
778 1826 818 1858 et
848 1826 916 1858 tua
945 1821 1099 1858 moenia
1128 1821 1233 1858 texi:

154 1898 256 1922 nunc
286 1885 469 1922 iuvenem
500 1886 703 1935 inparibus
733 1885 848 1923 video
879 1898 1108 1923 concurrere
1138 1884 1238 1931 fatis,

154 1949 444 2000 Parcarumque
474 1950 557 1988 dies
588 1955 628 1988 et
654 1950 713 1987 vis
743 1950 900 1987 inimica
929 1949 1176 2000 propinquat.
1252 1969 1300 1992 150
