<?xml version="1.0" encoding="UTF-8"?>
<!DOCTYPE html PUBLIC "-//W3C//DTD XHTML 1.0 Transitional//EN"
    "http://www.w3.org/TR/xhtml1/DTD/xhtml1-transitional.dtd">
<html xmlns="http://www.w3.org/1999/xhtml" xml:lang="en" lang="en">
 <head>
  <title>
</title>
<meta http-equiv="Content-Type" content="text/html;charset=utf-8" />
  <meta name='ocr-system' content='tesseract 3.04.00' />
  <meta name='ocr-capabilities' content='ocr_page ocr_carea ocr_par ocr_line ocrx_word'/>
</head>
<body>
  <div class='ocr_page' id='page_1' title='image "aeneidosliberxii00virguoft_0040.png"; bbox 0 0 1429 2155; ppageno 0'>
   <div class='ocr_carea' id='block_1_1' title="bbox 105 84 957 118">
    <p class='ocr_par' dir='ltr' id='par_1_1' title="bbox 105 84 957 118">
     <span class='ocr_line' id='line_1_1' title="bbox 105 84 957 118; baseline 0 0"><span class='ocrx_word' id='word_1_1' title='bbox 105 86 145 118; x_wconf 83' lang='lat'>12</span> <span class='ocrx_word' id='word_1_2' title='bbox 447 85 484 116; x_wconf 95' lang='lat' dir='ltr'>P.</span> <span class='ocrx_word' id='word_1_3' title='bbox 512 84 714 117; x_wconf 81' lang='lat' dir='ltr'><strong>VERGILI</strong></span> <span class='ocrx_word' id='word_1_4' title='bbox 738 84 957 118; x_wconf 78' lang='lat' dir='ltr'>MARONIS</span> 
     </span>
    </p>
   </div>
   <div class='ocr_carea' id='block_1_2' title="bbox 137 186 1302 1986">
    <p class='ocr_par' dir='ltr' id='par_1_2' title="bbox 137 186 1302 1986">
     <span class='ocr_line' id='line_1_2' title="bbox 157 186 1210 237; baseline -0.001 -12"><span class='ocrx_word' id='word_1_5' title='bbox 157 191 370 237; x_wconf 71' lang='lat' dir='ltr'>tempestas</span> <span class='ocrx_word' id='word_1_6' title='bbox 400 186 570 224; x_wconf 89' lang='lat' dir='ltr'>telorum</span> <span class='ocrx_word' id='word_1_7' title='bbox 600 200 643 224; x_wconf 87' lang='lat' dir='ltr'>ac</span> <span class='ocrx_word' id='word_1_8' title='bbox 673 186 822 224; x_wconf 85' lang='lat' dir='ltr'>ferreus</span> <span class='ocrx_word' id='word_1_9' title='bbox 852 186 1003 237; x_wconf 75' lang='lat' dir='ltr'><strong>ingruit</strong></span> <span class='ocrx_word' id='word_1_10' title='bbox 1031 187 1210 225; x_wconf 86' lang='lat' dir='ltr'>imber—</span> 
     </span>
     <span class='ocr_line' id='line_1_3' title="bbox 156 250 1298 302; baseline 0 -13"><span class='ocrx_word' id='word_1_11' title='bbox 156 257 405 301; x_wconf 87' lang='lat' dir='ltr'>craterasque</span> <span class='ocrx_word' id='word_1_12' title='bbox 429 251 612 301; x_wconf 78' lang='lat' dir='ltr'>focosque</span> <span class='ocrx_word' id='word_1_13' title='bbox 637 250 797 298; x_wconf 80' lang='lat' dir='ltr'>ferunt3</span> <span class='ocrx_word' id='word_1_14' title='bbox 828 250 930 302; x_wconf 90' lang='lat' dir='ltr'>fugit</span> <span class='ocrx_word' id='word_1_15' title='bbox 957 251 1040 301; x_wconf 90' lang='lat' dir='ltr'>ipse</span> <span class='ocrx_word' id='word_1_16' title='bbox 1066 251 1232 289; x_wconf 87' lang='lat' dir='ltr'>Latinus</span> <span class='ocrx_word' id='word_1_17' title='bbox 1251 264 1298 294; x_wconf 80' lang='lat'>285</span> 
     </span>
     <span class='ocr_line' id='line_1_4' title="bbox 156 314 1047 367; baseline 0 -13"><span class='ocrx_word' id='word_1_18' title='bbox 156 316 331 367; x_wconf 88' lang='lat' dir='ltr'>pulsatos</span> <span class='ocrx_word' id='word_1_19' title='bbox 362 316 534 354; x_wconf 85' lang='lat' dir='ltr'>referens</span> <span class='ocrx_word' id='word_1_20' title='bbox 563 315 709 354; x_wconf 90' lang='lat' dir='ltr'>infecto</span> <span class='ocrx_word' id='word_1_21' title='bbox 739 314 895 353; x_wconf 84' lang='lat' dir='ltr'>foedere</span> <span class='ocrx_word' id='word_1_22' title='bbox 925 315 1047 354; x_wconf 89' lang='lat' dir='ltr'>divos.</span> 
     </span>
     <span class='ocr_line' id='line_1_5' title="bbox 157 380 1056 430; baseline -0.001 -11"><span class='ocrx_word' id='word_1_23' title='bbox 157 381 356 419; x_wconf 79' lang='lat' dir='ltr'>infrenant</span> <span class='ocrx_word' id='word_1_24' title='bbox 387 381 452 419; x_wconf 88' lang='lat' dir='ltr'>alii</span> <span class='ocrx_word' id='word_1_25' title='bbox 482 393 628 426; x_wconf 89' lang='lat' dir='ltr'>currus,</span> <span class='ocrx_word' id='word_1_26' title='bbox 662 384 731 418; x_wconf 83' lang='lat' dir='ltr'>aut</span> <span class='ocrx_word' id='word_1_27' title='bbox 760 393 924 430; x_wconf 89' lang='lat' dir='ltr'>corpora</span> <span class='ocrx_word' id='word_1_28' title='bbox 953 380 1056 418; x_wconf 86' lang='lat' dir='ltr'>saltu</span> 
     </span>
     <span class='ocr_line' id='line_1_6' title="bbox 157 445 1211 496; baseline -0.001 -12"><span class='ocrx_word' id='word_1_29' title='bbox 157 447 357 484; x_wconf 84' lang='lat' dir='ltr'>subiciunt</span> <span class='ocrx_word' id='word_1_30' title='bbox 386 447 427 483; x_wconf 91' lang='lat' dir='ltr'>in</span> <span class='ocrx_word' id='word_1_31' title='bbox 458 459 588 496; x_wconf 86' lang='lat' dir='ltr'>equos,</span> <span class='ocrx_word' id='word_1_32' title='bbox 623 450 662 483; x_wconf 89' lang='lat' dir='ltr'>et</span> <span class='ocrx_word' id='word_1_33' title='bbox 692 445 840 483; x_wconf 87' lang='lat' dir='ltr'>strictis</span> <span class='ocrx_word' id='word_1_34' title='bbox 870 445 1028 483; x_wconf 83' lang='lat' dir='ltr'>ensibus</span> <span class='ocrx_word' id='word_1_35' title='bbox 1057 445 1211 483; x_wconf 88' lang='lat' dir='ltr'>adsunt.</span> 
     </span>
     <span class='ocr_line' id='line_1_7' title="bbox 158 510 1171 562; baseline -0.001 -13"><span class='ocrx_word' id='word_1_36' title='bbox 158 511 363 562; x_wconf 79' lang='lat' dir='ltr'>Messapus</span> <span class='ocrx_word' id='word_1_37' title='bbox 392 524 534 562; x_wconf 89' lang='lat' dir='ltr'>regem,</span> <span class='ocrx_word' id='word_1_38' title='bbox 567 510 749 561; x_wconf 87' lang='lat' dir='ltr'>regisque</span> <span class='ocrx_word' id='word_1_39' title='bbox 780 510 931 560; x_wconf 84' lang='lat' dir='ltr'>insigne</span> <span class='ocrx_word' id='word_1_40' title='bbox 961 516 1171 560; x_wconf 80' lang='lat' dir='ltr'>gerentem,</span> 
     </span>
     <span class='ocr_line' id='line_1_8' title="bbox 157 575 1301 627; baseline -0.003 -12"><span class='ocrx_word' id='word_1_41' title='bbox 157 577 408 627; x_wconf 89' lang='lat' dir='ltr'>Tyrrhenum</span> <span class='ocrx_word' id='word_1_42' title='bbox 428 576 633 623; x_wconf 82' lang='lat' dir='ltr'>Aulesten,</span> <span class='ocrx_word' id='word_1_43' title='bbox 657 575 797 614; x_wconf 87' lang='lat' dir='ltr'>avidus</span> <span class='ocrx_word' id='word_1_44' title='bbox 827 575 1064 613; x_wconf 88' lang='lat' dir='ltr'>confundere</span> <span class='ocrx_word' id='word_1_45' title='bbox 1084 575 1230 623; x_wconf 87' lang='lat' dir='ltr'>foedus,</span> <span class='ocrx_word' id='word_1_46' title='bbox 1252 595 1301 619; x_wconf 86' lang='lat'>290</span> 
     </span>
     <span class='ocr_line' id='line_1_9' title="bbox 157 639 1145 691; baseline -0.003 -11"><span class='ocrx_word' id='word_1_47' title='bbox 157 641 322 680; x_wconf 84' lang='lat' dir='ltr'>adverso</span> <span class='ocrx_word' id='word_1_48' title='bbox 352 646 548 691; x_wconf 87' lang='lat' dir='ltr'>proterret</span> <span class='ocrx_word' id='word_1_49' title='bbox 579 653 678 690; x_wconf 88' lang='lat' dir='ltr'>equo</span> <span class='ocrx_word' id='word_1_50' title='bbox 694 655 704 688; x_wconf 79' lang='lat'><em>3</em></span> <span class='ocrx_word' id='word_1_51' title='bbox 742 640 825 678; x_wconf 90' lang='lat' dir='ltr'>ruit</span> <span class='ocrx_word' id='word_1_52' title='bbox 854 639 920 678; x_wconf 89' lang='lat' dir='ltr'>ille</span> <span class='ocrx_word' id='word_1_53' title='bbox 950 640 1145 687; x_wconf 84' lang='lat' dir='ltr'>recedens,</span> 
     </span>
     <span class='ocr_line' id='line_1_10' title="bbox 158 704 1111 755; baseline -0.001 -12"><span class='ocrx_word' id='word_1_54' title='bbox 158 711 197 743; x_wconf 91' lang='lat' dir='ltr'>et</span> <span class='ocrx_word' id='word_1_55' title='bbox 226 705 343 744; x_wconf 87' lang='lat' dir='ltr'>miser</span> <span class='ocrx_word' id='word_1_56' title='bbox 373 705 562 755; x_wconf 82' lang='lat' dir='ltr'>oppositis</span> <span class='ocrx_word' id='word_1_57' title='bbox 594 718 616 742; x_wconf 88' lang='lat' dir='ltr'>a</span> <span class='ocrx_word' id='word_1_58' title='bbox 645 709 756 755; x_wconf 88' lang='lat' dir='ltr'>tergo</span> <span class='ocrx_word' id='word_1_59' title='bbox 787 704 1006 742; x_wconf 87' lang='lat' dir='ltr'>involvitur</span> <span class='ocrx_word' id='word_1_60' title='bbox 1035 705 1111 742; x_wconf 87' lang='lat' dir='ltr'>aris</span> 
     </span>
     <span class='ocr_line' id='line_1_11' title="bbox 157 768 1301 821; baseline -0.001 -13"><span class='ocrx_word' id='word_1_61' title='bbox 157 771 199 808; x_wconf 91' lang='lat' dir='ltr'>in</span> <span class='ocrx_word' id='word_1_62' title='bbox 220 776 338 821; x_wconf 87' lang='lat' dir='ltr'>caput</span> <span class='ocrx_word' id='word_1_63' title='bbox 362 769 481 820; x_wconf 89' lang='lat' dir='ltr'>inque</span> <span class='ocrx_word' id='word_1_64' title='bbox 512 782 681 807; x_wconf 73' lang='lat' dir='ltr'>umeros</span> <span class='ocrx_word' id='word_1_65' title='bbox 742 773 783 806; x_wconf 87' lang='lat' dir='ltr'>at</span> <span class='ocrx_word' id='word_1_66' title='bbox 802 768 978 807; x_wconf 87' lang='lat' dir='ltr'>fervidus</span> <span class='ocrx_word' id='word_1_67' title='bbox 1002 769 1162 807; x_wconf 86' lang='lat' dir='ltr'>advolat</span> <span class='ocrx_word' id='word_1_68' title='bbox 1187 768 1301 807; x_wconf 85' lang='lat' dir='ltr'>hasta</span> 
     </span>
     <span class='ocr_line' id='line_1_12' title="bbox 157 833 1300 886; baseline -0.003 -12"><span class='ocrx_word' id='word_1_69' title='bbox 157 835 374 886; x_wconf 50' lang='lat' dir='ltr'>Messapus</span> <span class='ocrx_word' id='word_1_70' title='bbox 408 834 563 885; x_wconf 89' lang='lat' dir='ltr'>teloque</span> <span class='ocrx_word' id='word_1_71' title='bbox 593 839 774 872; x_wconf 87' lang='lat' dir='ltr'>orantem</span> <span class='ocrx_word' id='word_1_72' title='bbox 804 834 930 872; x_wconf 89' lang='lat' dir='ltr'>multa</span> <span class='ocrx_word' id='word_1_73' title='bbox 959 833 1100 872; x_wconf 84' lang='lat' dir='ltr'>trabali</span> <span class='ocrx_word' id='word_1_74' title='bbox 1254 855 1300 878; x_wconf 72' lang='lat'>294</span> 
     </span>
     <span class='ocr_line' id='line_1_13' title="bbox 159 899 1299 951; baseline -0.002 -13"><span class='ocrx_word' id='word_1_75' title='bbox 159 900 326 951; x_wconf 85' lang='lat' dir='ltr'>desuper</span> <span class='ocrx_word' id='word_1_76' title='bbox 355 899 456 938; x_wconf 87' lang='lat' dir='ltr'>altus</span> <span class='ocrx_word' id='word_1_77' title='bbox 486 912 587 950; x_wconf 90' lang='lat' dir='ltr'>equo</span> <span class='ocrx_word' id='word_1_78' title='bbox 616 899 791 949; x_wconf 85' lang='lat' dir='ltr'>graviter</span> <span class='ocrx_word' id='word_1_79' title='bbox 819 899 912 937; x_wconf 88' lang='lat' dir='ltr'>ferit</span> <span class='ocrx_word' id='word_1_80' title='bbox 939 903 1057 950; x_wconf 89' lang='lat' dir='ltr'>atque</span> <span class='ocrx_word' id='word_1_81' title='bbox 1086 899 1143 937; x_wconf 90' lang='lat' dir='ltr'>ita</span> <span class='ocrx_word' id='word_1_82' title='bbox 1171 899 1299 937; x_wconf 86' lang='lat' dir='ltr'>fatur:</span> 
     </span>
     <span class='ocr_line' id='line_1_14' title="bbox 137 963 1302 1015; baseline -0.002 -11"><span class='ocrx_word' id='word_1_83' title='bbox 137 965 229 1004; x_wconf 89' lang='lat' dir='ltr'>‘hoc</span> <span class='ocrx_word' id='word_1_84' title='bbox 286 965 429 1012; x_wconf 82' lang='lat' dir='ltr'>habet3</span> <span class='ocrx_word' id='word_1_85' title='bbox 480 964 575 1002; x_wconf 88' lang='lat' dir='ltr'>haec</span> <span class='ocrx_word' id='word_1_86' title='bbox 624 963 762 1002; x_wconf 90' lang='lat' dir='ltr'>melior</span> <span class='ocrx_word' id='word_1_87' title='bbox 809 964 962 1015; x_wconf 87' lang='lat' dir='ltr'>magnis</span> <span class='ocrx_word' id='word_1_88' title='bbox 1010 964 1102 1003; x_wconf 84' lang='lat' dir='ltr'>data</span> <span class='ocrx_word' id='word_1_89' title='bbox 1141 964 1302 1002; x_wconf 86' lang='lat' dir='ltr'>victima</span> 
     </span>
     <span class='ocr_line' id='line_1_15' title="bbox 266 1029 391 1068; baseline -0.008 0"><span class='ocrx_word' id='word_1_90' title='bbox 266 1029 391 1068; x_wconf 82' lang='lat' dir='ltr'>divis.&#39;</span> 
     </span>
     <span class='ocr_line' id='line_1_16' title="bbox 159 1093 1226 1144; baseline -0.002 -10"><span class='ocrx_word' id='word_1_91' title='bbox 159 1099 398 1134; x_wconf 87' lang='lat' dir='ltr'>concurrunt</span> <span class='ocrx_word' id='word_1_92' title='bbox 428 1094 532 1141; x_wconf 84' lang='lat' dir='ltr'>Itali,</span> <span class='ocrx_word' id='word_1_93' title='bbox 564 1093 816 1144; x_wconf 88' lang='lat' dir='ltr'>spoliantque</span> <span class='ocrx_word' id='word_1_94' title='bbox 847 1093 1014 1132; x_wconf 88' lang='lat' dir='ltr'>calentia</span> <span class='ocrx_word' id='word_1_95' title='bbox 1042 1093 1226 1132; x_wconf 86' lang='lat' dir='ltr'>membra.</span> 
     </span>
     <span class='ocr_line' id='line_1_17' title="bbox 159 1158 1164 1208; baseline -0.003 -9"><span class='ocrx_word' id='word_1_96' title='bbox 159 1160 300 1199; x_wconf 86' lang='lat' dir='ltr'>obvius</span> <span class='ocrx_word' id='word_1_97' title='bbox 330 1159 555 1198; x_wconf 86' lang='lat' dir='ltr'>ambustum</span> <span class='ocrx_word' id='word_1_98' title='bbox 584 1163 733 1197; x_wconf 88' lang='lat' dir='ltr'>torrem</span> <span class='ocrx_word' id='word_1_99' title='bbox 764 1158 990 1208; x_wconf 88' lang='lat' dir='ltr'>Corynaeus</span> <span class='ocrx_word' id='word_1_100' title='bbox 1020 1158 1068 1196; x_wconf 90' lang='lat' dir='ltr'>ab</span> <span class='ocrx_word' id='word_1_101' title='bbox 1097 1171 1164 1196; x_wconf 87' lang='lat' dir='ltr'>ara</span> 
     </span>
     <span class='ocr_line' id='line_1_18' title="bbox 159 1223 1194 1275; baseline -0.003 -12"><span class='ocrx_word' id='word_1_102' title='bbox 159 1224 321 1275; x_wconf 84' lang='lat' dir='ltr'>corripit</span> <span class='ocrx_word' id='word_1_103' title='bbox 351 1228 390 1262; x_wconf 93' lang='lat' dir='ltr'>et</span> <span class='ocrx_word' id='word_1_104' title='bbox 420 1223 595 1262; x_wconf 89' lang='lat' dir='ltr'>venienti</span> <span class='ocrx_word' id='word_1_105' title='bbox 625 1223 758 1273; x_wconf 86' lang='lat' dir='ltr'>Ebyso</span> <span class='ocrx_word' id='word_1_106' title='bbox 788 1223 1023 1274; x_wconf 82' lang='lat' dir='ltr'>plagamque</span> <span class='ocrx_word' id='word_1_107' title='bbox 1052 1223 1194 1261; x_wconf 84' lang='lat' dir='ltr'>ferenti</span> 
     </span>
     <span class='ocr_line' id='line_1_19' title="bbox 159 1287 1302 1340; baseline -0.003 -12"><span class='ocrx_word' id='word_1_108' title='bbox 159 1294 323 1340; x_wconf 88' lang='lat' dir='ltr'>occupat</span> <span class='ocrx_word' id='word_1_109' title='bbox 352 1302 394 1327; x_wconf 90' lang='lat' dir='ltr'>os</span> <span class='ocrx_word' id='word_1_110' title='bbox 424 1288 591 1327; x_wconf 88' lang='lat' dir='ltr'>flammis</span> <span class='ocrx_word' id='word_1_111' title='bbox 607 1303 616 1336; x_wconf 78' lang='lat'><em>3</em></span> <span class='ocrx_word' id='word_1_112' title='bbox 656 1287 723 1326; x_wconf 90' lang='lat' dir='ltr'>olli</span> <span class='ocrx_word' id='word_1_113' title='bbox 753 1288 892 1339; x_wconf 90' lang='lat' dir='ltr'>ingens</span> <span class='ocrx_word' id='word_1_114' title='bbox 922 1288 1042 1326; x_wconf 88' lang='lat' dir='ltr'>barba</span> <span class='ocrx_word' id='word_1_115' title='bbox 1071 1287 1217 1326; x_wconf 86' lang='lat' dir='ltr'>reluxit</span> <span class='ocrx_word' id='word_1_116' title='bbox 1255 1308 1302 1331; x_wconf 80' lang='lat'>300</span> 
     </span>
     <span class='ocr_line' id='line_1_20' title="bbox 158 1352 1246 1404; baseline -0.004 -11"><span class='ocrx_word' id='word_1_117' title='bbox 158 1355 415 1404; x_wconf 87' lang='lat' dir='ltr'>nidoremque</span> <span class='ocrx_word' id='word_1_118' title='bbox 446 1354 628 1392; x_wconf 85' lang='lat' dir='ltr'>ambusta</span> <span class='ocrx_word' id='word_1_119' title='bbox 658 1352 793 1400; x_wconf 80' lang='lat' dir='ltr'>dedit3</span> <span class='ocrx_word' id='word_1_120' title='bbox 833 1366 951 1403; x_wconf 92' lang='lat' dir='ltr'>super</span> <span class='ocrx_word' id='word_1_121' title='bbox 980 1352 1062 1403; x_wconf 88' lang='lat' dir='ltr'>ipse</span> <span class='ocrx_word' id='word_1_122' title='bbox 1092 1358 1246 1390; x_wconf 83' lang='lat' dir='ltr'>secutus</span> 
     </span>
     <span class='ocr_line' id='line_1_21' title="bbox 159 1417 1041 1468; baseline -0.005 -10"><span class='ocrx_word' id='word_1_123' title='bbox 159 1419 367 1458; x_wconf 84' lang='lat' dir='ltr'>caesariem</span> <span class='ocrx_word' id='word_1_124' title='bbox 396 1418 506 1457; x_wconf 85' lang='lat' dir='ltr'>laeva</span> <span class='ocrx_word' id='word_1_125' title='bbox 535 1418 685 1456; x_wconf 87' lang='lat' dir='ltr'>turbati</span> <span class='ocrx_word' id='word_1_126' title='bbox 716 1417 878 1468; x_wconf 91' lang='lat' dir='ltr'>corripit</span> <span class='ocrx_word' id='word_1_127' title='bbox 907 1417 1041 1464; x_wconf 87' lang='lat' dir='ltr'>hostis,</span> 
     </span>
     <span class='ocr_line' id='line_1_22' title="bbox 158 1481 1246 1536; baseline -0.005 -13"><span class='ocrx_word' id='word_1_128' title='bbox 158 1485 412 1536; x_wconf 88' lang='lat' dir='ltr'>inpressoque</span> <span class='ocrx_word' id='word_1_129' title='bbox 441 1497 544 1535; x_wconf 91' lang='lat' dir='ltr'>genu</span> <span class='ocrx_word' id='word_1_130' title='bbox 574 1484 707 1521; x_wconf 91' lang='lat' dir='ltr'>nitens</span> <span class='ocrx_word' id='word_1_131' title='bbox 738 1488 865 1521; x_wconf 88' lang='lat' dir='ltr'>terrae</span> <span class='ocrx_word' id='word_1_132' title='bbox 895 1482 1066 1532; x_wconf 90' lang='lat' dir='ltr'>adplicat</span> <span class='ocrx_word' id='word_1_133' title='bbox 1094 1481 1246 1531; x_wconf 79' lang='lat' dir='ltr'>ipsum3</span> 
     </span>
     <span class='ocr_line' id='line_1_23' title="bbox 158 1545 1207 1600; baseline -0.004 -13"><span class='ocrx_word' id='word_1_134' title='bbox 158 1550 211 1588; x_wconf 89' lang='lat' dir='ltr'>sic</span> <span class='ocrx_word' id='word_1_135' title='bbox 240 1549 369 1600; x_wconf 88' lang='lat' dir='ltr'>rigido</span> <span class='ocrx_word' id='word_1_136' title='bbox 398 1548 501 1587; x_wconf 89' lang='lat' dir='ltr'>latus</span> <span class='ocrx_word' id='word_1_137' title='bbox 533 1562 623 1586; x_wconf 89' lang='lat' dir='ltr'>ense</span> <span class='ocrx_word' id='word_1_138' title='bbox 653 1548 754 1586; x_wconf 87' lang='lat' dir='ltr'>ferit.</span> <span class='ocrx_word' id='word_1_139' title='bbox 815 1546 1037 1585; x_wconf 86' lang='lat' dir='ltr'>Podalirius</span> <span class='ocrx_word' id='word_1_140' title='bbox 1065 1545 1207 1584; x_wconf 89' lang='lat' dir='ltr'>Alsum</span> 
     </span>
     <span class='ocr_line' id='line_1_24' title="bbox 159 1608 1300 1665; baseline -0.005 -13"><span class='ocrx_word' id='word_1_141' title='bbox 159 1620 365 1665; x_wconf 86' lang='lat' dir='ltr'>pastorem,</span> <span class='ocrx_word' id='word_1_142' title='bbox 398 1614 603 1664; x_wconf 88' lang='lat' dir='ltr'>primaque</span> <span class='ocrx_word' id='word_1_143' title='bbox 635 1613 715 1650; x_wconf 86' lang='lat' dir='ltr'>acie</span> <span class='ocrx_word' id='word_1_144' title='bbox 745 1625 815 1662; x_wconf 87' lang='lat' dir='ltr'>per</span> <span class='ocrx_word' id='word_1_145' title='bbox 843 1611 922 1649; x_wconf 87' lang='lat' dir='ltr'>tela</span> <span class='ocrx_word' id='word_1_146' title='bbox 950 1608 1141 1657; x_wconf 86' lang='lat' dir='ltr'>ruentem,</span> <span class='ocrx_word' id='word_1_147' title='bbox 1253 1630 1300 1654; x_wconf 77' lang='lat'>305</span> 
     </span>
     <span class='ocr_line' id='line_1_25' title="bbox 157 1675 1193 1730; baseline -0.005 -13"><span class='ocrx_word' id='word_1_148' title='bbox 157 1692 248 1718; x_wconf 86' lang='lat' dir='ltr'>ense</span> <span class='ocrx_word' id='word_1_149' title='bbox 278 1692 443 1730; x_wconf 89' lang='lat' dir='ltr'>sequens</span> <span class='ocrx_word' id='word_1_150' title='bbox 473 1678 580 1716; x_wconf 89' lang='lat' dir='ltr'>nudo</span> <span class='ocrx_word' id='word_1_151' title='bbox 611 1676 912 1728; x_wconf 87' lang='lat' dir='ltr'>superimminet</span> <span class='ocrx_word' id='word_1_152' title='bbox 927 1691 936 1724; x_wconf 79' lang='lat'>3</span> <span class='ocrx_word' id='word_1_153' title='bbox 974 1675 1039 1714; x_wconf 91' lang='lat' dir='ltr'>ille</span> <span class='ocrx_word' id='word_1_154' title='bbox 1069 1675 1193 1713; x_wconf 87' lang='lat' dir='ltr'>securi</span> 
     </span>
     <span class='ocr_line' id='line_1_26' title="bbox 157 1739 1194 1791; baseline -0.005 -9"><span class='ocrx_word' id='word_1_155' title='bbox 157 1744 312 1782; x_wconf 83' lang='lat' dir='ltr'>adversi</span> <span class='ocrx_word' id='word_1_156' title='bbox 342 1744 514 1782; x_wconf 84' lang='lat' dir='ltr'>frontem</span> <span class='ocrx_word' id='word_1_157' title='bbox 545 1742 716 1780; x_wconf 87' lang='lat' dir='ltr'>mediam</span> <span class='ocrx_word' id='word_1_158' title='bbox 746 1746 1002 1791; x_wconf 87' lang='lat' dir='ltr'>mentumque</span> <span class='ocrx_word' id='word_1_159' title='bbox 1033 1739 1194 1778; x_wconf 86' lang='lat' dir='ltr'>reducta</span> 
     </span>
     <span class='ocr_line' id='line_1_27' title="bbox 157 1808 1083 1859; baseline -0.004 -12"><span class='ocrx_word' id='word_1_160' title='bbox 157 1809 298 1856; x_wconf 84' lang='lat' dir='ltr'>disicit,</span> <span class='ocrx_word' id='word_1_161' title='bbox 331 1814 370 1847; x_wconf 90' lang='lat' dir='ltr'>et</span> <span class='ocrx_word' id='word_1_162' title='bbox 400 1822 533 1859; x_wconf 86' lang='lat' dir='ltr'>sparso</span> <span class='ocrx_word' id='word_1_163' title='bbox 563 1808 641 1846; x_wconf 84' lang='lat' dir='ltr'>late</span> <span class='ocrx_word' id='word_1_164' title='bbox 671 1808 774 1857; x_wconf 88' lang='lat' dir='ltr'>rigat</span> <span class='ocrx_word' id='word_1_165' title='bbox 803 1820 911 1844; x_wconf 87' lang='lat' dir='ltr'>arma</span> <span class='ocrx_word' id='word_1_166' title='bbox 938 1819 1083 1844; x_wconf 86' lang='lat' dir='ltr'>cruore.</span> 
     </span>
     <span class='ocr_line' id='line_1_28' title="bbox 156 1872 1074 1924; baseline -0.007 -11"><span class='ocrx_word' id='word_1_167' title='bbox 156 1874 223 1913; x_wconf 92' lang='lat' dir='ltr'>olli</span> <span class='ocrx_word' id='word_1_168' title='bbox 255 1874 354 1912; x_wconf 88' lang='lat' dir='ltr'>dura</span> <span class='ocrx_word' id='word_1_169' title='bbox 383 1874 493 1924; x_wconf 88' lang='lat' dir='ltr'>quies</span> <span class='ocrx_word' id='word_1_170' title='bbox 523 1872 655 1910; x_wconf 87' lang='lat' dir='ltr'>oculos</span> <span class='ocrx_word' id='word_1_171' title='bbox 685 1877 725 1909; x_wconf 92' lang='lat' dir='ltr'>et</span> <span class='ocrx_word' id='word_1_172' title='bbox 754 1872 902 1909; x_wconf 86' lang='lat' dir='ltr'>ferreus</span> <span class='ocrx_word' id='word_1_173' title='bbox 932 1874 1074 1920; x_wconf 82' lang='lat' dir='ltr'>urguet</span> 
     </span>
     <span class='ocr_line' id='line_1_29' title="bbox 156 1934 1276 1986; baseline -0.005 -9"><span class='ocrx_word' id='word_1_174' title='bbox 156 1951 315 1977; x_wconf 86' lang='lat' dir='ltr'>somnus</span> <span class='ocrx_word' id='word_1_175' title='bbox 330 1953 340 1986; x_wconf 80' lang='lat'>3</span> <span class='ocrx_word' id='word_1_176' title='bbox 378 1937 420 1975; x_wconf 89' lang='lat' dir='ltr'>in</span> <span class='ocrx_word' id='word_1_177' title='bbox 450 1942 650 1975; x_wconf 84' lang='lat' dir='ltr'>aeternam</span> <span class='ocrx_word' id='word_1_178' title='bbox 681 1935 906 1974; x_wconf 86' lang='lat' dir='ltr'>conduntur</span> <span class='ocrx_word' id='word_1_179' title='bbox 935 1934 1084 1972; x_wconf 81' lang='lat' dir='ltr'>lumina</span> <span class='ocrx_word' id='word_1_180' title='bbox 1112 1937 1276 1972; x_wconf 89' lang='lat' dir='ltr'>noctem.</span> 
     </span>
    </p>
   </div>
  </div>
 </body>
</html>
