<?xml version="1.0" encoding="UTF-8"?>
<!DOCTYPE html PUBLIC "-//W3C//DTD XHTML 1.0 Transitional//EN"
    "http://www.w3.org/TR/xhtml1/DTD/xhtml1-transitional.dtd">
<html xmlns="http://www.w3.org/1999/xhtml" xml:lang="en" lang="en">
 <head>
  <title>
</title>
<meta http-equiv="Content-Type" content="text/html;charset=utf-8" />
  <meta name='ocr-system' content='tesseract 3.04.00' />
  <meta name='ocr-capabilities' content='ocr_page ocr_carea ocr_par ocr_line ocrx_word'/>
</head>
<body>
  <div class='ocr_page' id='page_1' title='image "aeneidosliberxii00virguoft_0046.png"; bbox 0 0 1429 2155; ppageno 0'>
   <div class='ocr_carea' id='block_1_1' title="bbox 155 86 1014 118">
    <p class='ocr_par' dir='ltr' id='par_1_1' title="bbox 155 86 1014 118">
     <span class='ocr_line' id='line_1_1' title="bbox 155 86 1014 118; baseline 0 -1"><span class='ocrx_word' id='word_1_1' title='bbox 155 87 196 117; x_wconf 89' lang='grc'>18</span> <span class='ocrx_word' id='word_1_2' title='bbox 502 86 538 117; x_wconf 89' lang='lat' dir='ltr'>P.</span> <span class='ocrx_word' id='word_1_3' title='bbox 569 86 770 118; x_wconf 82' lang='lat' dir='ltr'>VERGILI</span> <span class='ocrx_word' id='word_1_4' title='bbox 796 86 1014 118; x_wconf 75' lang='lat' dir='ltr'><strong>MARONIS</strong></span> 
     </span>
    </p>
   </div>
   <div class='ocr_carea' id='block_1_2' title="bbox 207 186 1359 1079">
    <p class='ocr_par' dir='ltr' id='par_1_2' title="bbox 207 186 1359 1079">
     <span class='ocr_line' id='line_1_2' title="bbox 207 186 1292 238; baseline 0.001 -14"><span class='ocrx_word' id='word_1_5' title='bbox 207 186 324 224; x_wconf 85' lang='lat' dir='ltr'>turba</span> <span class='ocrx_word' id='word_1_6' title='bbox 355 186 443 224; x_wconf 86' lang='lat' dir='ltr'>fluit</span> <span class='ocrx_word' id='word_1_7' title='bbox 473 186 621 224; x_wconf 85' lang='lat' dir='ltr'>castris.</span> <span class='ocrx_word' id='word_1_8' title='bbox 681 192 767 224; x_wconf 88' lang='lat' dir='ltr'>tum</span> <span class='ocrx_word' id='word_1_9' title='bbox 797 200 910 224; x_wconf 86' lang='lat' dir='ltr'>caeco</span> <span class='ocrx_word' id='word_1_10' title='bbox 939 186 1102 236; x_wconf 87' lang='lat' dir='ltr'>pulvere</span> <span class='ocrx_word' id='word_1_11' title='bbox 1132 200 1292 238; x_wconf 80' lang='lat' dir='ltr'>campus</span> 
     </span>
     <span class='ocr_line' id='line_1_3' title="bbox 208 251 1358 302; baseline 0.001 -13"><span class='ocrx_word' id='word_1_12' title='bbox 208 251 396 289; x_wconf 82' lang='lat' dir='ltr'>miscetur</span> <span class='ocrx_word' id='word_1_13' title='bbox 426 251 622 302; x_wconf 85' lang='lat' dir='ltr'>pulsuque</span> <span class='ocrx_word' id='word_1_14' title='bbox 652 251 798 301; x_wconf 84' lang='lat' dir='ltr'>pedum</span> <span class='ocrx_word' id='word_1_15' title='bbox 829 252 965 289; x_wconf 81' lang='lat' dir='ltr'>tremit</span> <span class='ocrx_word' id='word_1_16' title='bbox 995 252 1124 290; x_wconf 81' lang='lat' dir='ltr'>excita</span> <span class='ocrx_word' id='word_1_17' title='bbox 1153 252 1277 290; x_wconf 71' lang='lat' dir='ltr'>tellus</span> <span class='ocrx_word' id='word_1_18' title='bbox 1310 273 1358 296; x_wconf 72' lang='lat'>445</span> 
     </span>
     <span class='ocr_line' id='line_1_4' title="bbox 263 316 1240 367; baseline 0.001 -13"><span class='ocrx_word' id='word_1_19' title='bbox 263 316 366 355; x_wconf 87' lang='lat' dir='ltr'>vidit</span> <span class='ocrx_word' id='word_1_20' title='bbox 395 317 444 354; x_wconf 89' lang='lat' dir='ltr'>ab</span> <span class='ocrx_word' id='word_1_21' title='bbox 473 316 639 355; x_wconf 89' lang='lat' dir='ltr'>adverso</span> <span class='ocrx_word' id='word_1_22' title='bbox 668 317 873 354; x_wconf 81' lang='lat' dir='ltr'>venientes</span> <span class='ocrx_word' id='word_1_23' title='bbox 902 330 1042 367; x_wconf 83' lang='lat' dir='ltr'>aggere</span> <span class='ocrx_word' id='word_1_24' title='bbox 1072 316 1240 364; x_wconf 86' lang='lat' dir='ltr'>Turnus,</span> 
     </span>
     <span class='ocr_line' id='line_1_5' title="bbox 207 380 1226 431; baseline 0.001 -13"><span class='ocrx_word' id='word_1_25' title='bbox 207 381 342 419; x_wconf 90' lang='lat' dir='ltr'>videre</span> <span class='ocrx_word' id='word_1_26' title='bbox 373 381 555 427; x_wconf 86' lang='lat' dir='ltr'>Ausonii,</span> <span class='ocrx_word' id='word_1_27' title='bbox 587 380 819 431; x_wconf 84' lang='lat' dir='ltr'>gelidusque</span> <span class='ocrx_word' id='word_1_28' title='bbox 849 394 918 431; x_wconf 87' lang='lat' dir='ltr'>per</span> <span class='ocrx_word' id='word_1_29' title='bbox 947 381 1025 419; x_wconf 92' lang='lat' dir='ltr'>ima</span> <span class='ocrx_word' id='word_1_30' title='bbox 1053 381 1226 419; x_wconf 88' lang='lat' dir='ltr'>cucurrit</span> 
     </span>
     <span class='ocr_line' id='line_1_6' title="bbox 209 445 1341 495; baseline 0 -11"><span class='ocrx_word' id='word_1_31' title='bbox 209 459 297 484; x_wconf 85' lang='lat' dir='ltr'>ossa</span> <span class='ocrx_word' id='word_1_32' title='bbox 325 450 498 491; x_wconf 77' lang='lat' dir='ltr'>tremor3</span> <span class='ocrx_word' id='word_1_33' title='bbox 536 445 665 495; x_wconf 88' lang='lat' dir='ltr'>prima</span> <span class='ocrx_word' id='word_1_34' title='bbox 694 450 786 483; x_wconf 85' lang='lat' dir='ltr'>ante</span> <span class='ocrx_word' id='word_1_35' title='bbox 816 459 951 483; x_wconf 88' lang='lat' dir='ltr'>omnes</span> <span class='ocrx_word' id='word_1_36' title='bbox 981 445 1151 484; x_wconf 78' lang='lat' dir='ltr'>Iuturna</span> <span class='ocrx_word' id='word_1_37' title='bbox 1178 445 1341 484; x_wconf 85' lang='lat' dir='ltr'>Latinos</span> 
     </span>
     <span class='ocr_line' id='line_1_7' title="bbox 210 510 1331 561; baseline 0.002 -14"><span class='ocrx_word' id='word_1_38' title='bbox 210 510 338 548; x_wconf 87' lang='lat' dir='ltr'>audiit</span> <span class='ocrx_word' id='word_1_39' title='bbox 367 510 636 560; x_wconf 80' lang='lat' dir='ltr'>adgnovitque</span> <span class='ocrx_word' id='word_1_40' title='bbox 666 524 817 558; x_wconf 89' lang='lat' dir='ltr'>sonum,</span> <span class='ocrx_word' id='word_1_41' title='bbox 850 516 889 548; x_wconf 86' lang='lat' dir='ltr'>et</span> <span class='ocrx_word' id='word_1_42' title='bbox 917 511 1148 549; x_wconf 85' lang='lat' dir='ltr'>tremefacta</span> <span class='ocrx_word' id='word_1_43' title='bbox 1176 511 1331 561; x_wconf 80' lang='lat' dir='ltr'>refugit.</span> 
     </span>
     <span class='ocr_line' id='line_1_8' title="bbox 208 574 1359 626; baseline 0 -14"><span class='ocrx_word' id='word_1_44' title='bbox 208 574 274 613; x_wconf 91' lang='lat' dir='ltr'>ille</span> <span class='ocrx_word' id='word_1_45' title='bbox 299 574 408 612; x_wconf 88' lang='lat' dir='ltr'>volat</span> <span class='ocrx_word' id='word_1_46' title='bbox 432 588 649 626; x_wconf 83' lang='lat' dir='ltr'>campoque</span> <span class='ocrx_word' id='word_1_47' title='bbox 673 581 804 613; x_wconf 88' lang='lat' dir='ltr'>atrum</span> <span class='ocrx_word' id='word_1_48' title='bbox 828 576 933 625; x_wconf 87' lang='lat' dir='ltr'>rapit</span> <span class='ocrx_word' id='word_1_49' title='bbox 958 589 1099 626; x_wconf 83' lang='lat' dir='ltr'>agmen</span> <span class='ocrx_word' id='word_1_50' title='bbox 1123 582 1270 626; x_wconf 87' lang='lat' dir='ltr'>aperto.</span> <span class='ocrx_word' id='word_1_51' title='bbox 1309 596 1359 619; x_wconf 82' lang='lat'>450</span> 
     </span>
     <span class='ocr_line' id='line_1_9' title="bbox 210 639 1211 693; baseline 0.002 -16"><span class='ocrx_word' id='word_1_52' title='bbox 210 639 337 690; x_wconf 87' lang='lat' dir='ltr'>qualis</span> <span class='ocrx_word' id='word_1_53' title='bbox 366 639 435 678; x_wconf 92' lang='lat' dir='ltr'>ubi</span> <span class='ocrx_word' id='word_1_54' title='bbox 464 640 515 678; x_wconf 90' lang='lat' dir='ltr'>ad</span> <span class='ocrx_word' id='word_1_55' title='bbox 543 645 669 678; x_wconf 86' lang='lat' dir='ltr'>terras</span> <span class='ocrx_word' id='word_1_56' title='bbox 699 640 867 693; x_wconf 85' lang='lat' dir='ltr'>abrupto</span> <span class='ocrx_word' id='word_1_57' title='bbox 897 640 1024 679; x_wconf 85' lang='lat' dir='ltr'>sidere</span> <span class='ocrx_word' id='word_1_58' title='bbox 1052 641 1211 679; x_wconf 84' lang='lat' dir='ltr'>nimbus</span> 
     </span>
     <span class='ocr_line' id='line_1_10' title="bbox 209 700 1357 756; baseline 0.002 -14"><span class='ocrx_word' id='word_1_59' title='bbox 209 704 240 742; x_wconf 87' lang='lat' dir='ltr'>it</span> <span class='ocrx_word' id='word_1_60' title='bbox 270 717 376 742; x_wconf 88' lang='lat' dir='ltr'>mare</span> <span class='ocrx_word' id='word_1_61' title='bbox 405 717 476 754; x_wconf 90' lang='lat' dir='ltr'>per</span> <span class='ocrx_word' id='word_1_62' title='bbox 504 704 679 743; x_wconf 88' lang='lat' dir='ltr'>medium</span> <span class='ocrx_word' id='word_1_63' title='bbox 694 720 705 752; x_wconf 79' lang='lat'>3</span> <span class='ocrx_word' id='word_1_64' title='bbox 743 700 906 752; x_wconf 85' lang='lat' dir='ltr'>miseris,</span> <span class='ocrx_word' id='word_1_65' title='bbox 933 705 1020 752; x_wconf 84' lang='lat' dir='ltr'>heu,</span> <span class='ocrx_word' id='word_1_66' title='bbox 1046 705 1220 756; x_wconf 87' lang='lat' dir='ltr'>praescia</span> <span class='ocrx_word' id='word_1_67' title='bbox 1242 705 1357 756; x_wconf 86' lang='lat' dir='ltr'>longe</span> 
     </span>
     <span class='ocr_line' id='line_1_11' title="bbox 207 769 1232 821; baseline 0.001 -14"><span class='ocrx_word' id='word_1_68' title='bbox 207 769 441 808; x_wconf 85' lang='lat' dir='ltr'>horrescunt</span> <span class='ocrx_word' id='word_1_69' title='bbox 470 770 589 808; x_wconf 89' lang='lat' dir='ltr'>corda</span> <span class='ocrx_word' id='word_1_70' title='bbox 618 769 799 821; x_wconf 82' lang='lat' dir='ltr'>agricolis</span> <span class='ocrx_word' id='word_1_71' title='bbox 815 786 823 818; x_wconf 79' lang='lat'><em>3</em></span> <span class='ocrx_word' id='word_1_72' title='bbox 863 769 974 808; x_wconf 84' lang='lat' dir='ltr'>dabit</span> <span class='ocrx_word' id='word_1_73' title='bbox 1003 769 1069 808; x_wconf 89' lang='lat' dir='ltr'>ille</span> <span class='ocrx_word' id='word_1_74' title='bbox 1098 770 1232 808; x_wconf 89' lang='lat' dir='ltr'>ruinas</span> 
     </span>
     <span class='ocr_line' id='line_1_12' title="bbox 208 833 1242 885; baseline 0.002 -14"><span class='ocrx_word' id='word_1_75' title='bbox 208 833 413 872; x_wconf 86' lang='lat' dir='ltr'>arboribus</span> <span class='ocrx_word' id='word_1_76' title='bbox 443 839 694 885; x_wconf 74' lang='lat' dir='ltr'>stragemque</span> <span class='ocrx_word' id='word_1_77' title='bbox 723 835 829 881; x_wconf 78' lang='lat' dir='ltr'>satis,</span> <span class='ocrx_word' id='word_1_78' title='bbox 861 839 950 873; x_wconf 85' lang='lat' dir='ltr'>ruet</span> <span class='ocrx_word' id='word_1_79' title='bbox 979 835 1111 873; x_wconf 83' lang='lat' dir='ltr'>omnia</span> <span class='ocrx_word' id='word_1_80' title='bbox 1138 834 1217 873; x_wconf 86' lang='lat' dir='ltr'>late</span> <span class='ocrx_word' id='word_1_81' title='bbox 1231 850 1242 884; x_wconf 81' lang='lat'><em>3</em></span> 
     </span>
     <span class='ocr_line' id='line_1_13' title="bbox 208 898 1356 950; baseline 0.002 -14"><span class='ocrx_word' id='word_1_82' title='bbox 208 904 300 937; x_wconf 90' lang='lat' dir='ltr'>ante</span> <span class='ocrx_word' id='word_1_83' title='bbox 325 898 462 936; x_wconf 85' lang='lat' dir='ltr'>volant</span> <span class='ocrx_word' id='word_1_84' title='bbox 485 899 741 950; x_wconf 86' lang='lat' dir='ltr'>sonitumque</span> <span class='ocrx_word' id='word_1_85' title='bbox 765 899 899 937; x_wconf 86' lang='lat' dir='ltr'>ferunt</span> <span class='ocrx_word' id='word_1_86' title='bbox 925 899 974 937; x_wconf 91' lang='lat' dir='ltr'>ad</span> <span class='ocrx_word' id='word_1_87' title='bbox 998 899 1116 938; x_wconf 91' lang='lat' dir='ltr'>litora</span> <span class='ocrx_word' id='word_1_88' title='bbox 1138 900 1271 939; x_wconf 87' lang='lat' dir='ltr'>venti:</span> <span class='ocrx_word' id='word_1_89' title='bbox 1308 920 1356 943; x_wconf 80' lang='lat'>455</span> 
     </span>
     <span class='ocr_line' id='line_1_14' title="bbox 208 963 1167 1003; baseline 0.001 -2"><span class='ocrx_word' id='word_1_90' title='bbox 208 963 300 1002; x_wconf 85' lang='lat' dir='ltr'>talis</span> <span class='ocrx_word' id='word_1_91' title='bbox 329 963 370 1001; x_wconf 91' lang='lat' dir='ltr'>in</span> <span class='ocrx_word' id='word_1_92' title='bbox 400 963 586 1002; x_wconf 85' lang='lat' dir='ltr'>adversos</span> <span class='ocrx_word' id='word_1_93' title='bbox 616 964 757 1002; x_wconf 89' lang='lat' dir='ltr'>ductor</span> <span class='ocrx_word' id='word_1_94' title='bbox 786 964 1004 1003; x_wconf 73' lang='lat' dir='ltr'>Rhoeteius</span> <span class='ocrx_word' id='word_1_95' title='bbox 1034 964 1167 1003; x_wconf 88' lang='lat' dir='ltr'>hostes</span> 
     </span>
     <span class='ocr_line' id='line_1_15' title="bbox 210 1028 1239 1079; baseline 0 -12"><span class='ocrx_word' id='word_1_96' title='bbox 210 1042 350 1079; x_wconf 86' lang='lat' dir='ltr'>agmen</span> <span class='ocrx_word' id='word_1_97' title='bbox 378 1029 486 1079; x_wconf 80' lang='lat' dir='ltr'>agit3</span> <span class='ocrx_word' id='word_1_98' title='bbox 525 1028 637 1067; x_wconf 87' lang='lat' dir='ltr'>densi</span> <span class='ocrx_word' id='word_1_99' title='bbox 668 1029 800 1067; x_wconf 86' lang='lat' dir='ltr'>cuneis</span> <span class='ocrx_word' id='word_1_100' title='bbox 830 1042 871 1068; x_wconf 88' lang='lat' dir='ltr'>se</span> <span class='ocrx_word' id='word_1_101' title='bbox 901 1030 1068 1079; x_wconf 85' lang='lat' dir='ltr'>quisque</span> <span class='ocrx_word' id='word_1_102' title='bbox 1097 1029 1239 1067; x_wconf 83' lang='lat' dir='ltr'>coactis</span> 
     </span>
    </p>
   </div>
   <div class='ocr_carea' id='block_1_3' title="bbox 209 1093 1355 1334">
    <p class='ocr_par' dir='ltr' id='par_1_3' title="bbox 209 1093 1355 1205">
     <span class='ocr_line' id='line_1_16' title="bbox 209 1093 1355 1144; baseline 0.001 -13"><span class='ocrx_word' id='word_1_103' title='bbox 209 1093 493 1144; x_wconf 84' lang='lat' dir='ltr'>adglomerant.</span> <span class='ocrx_word' id='word_1_104' title='bbox 583 1093 675 1131; x_wconf 85' lang='lat' dir='ltr'>ferit</span> <span class='ocrx_word' id='word_1_105' title='bbox 727 1107 819 1131; x_wconf 87' lang='lat' dir='ltr'>ense</span> <span class='ocrx_word' id='word_1_106' title='bbox 871 1107 1031 1144; x_wconf 86' lang='lat' dir='ltr'>gravem</span> <span class='ocrx_word' id='word_1_107' title='bbox 1083 1093 1355 1144; x_wconf 88' lang='lat' dir='ltr'>Thymbraeus</span> 
     </span>
     <span class='ocr_line' id='line_1_17' title="bbox 318 1157 473 1205; baseline 0 -10"><span class='ocrx_word' id='word_1_108' title='bbox 318 1157 473 1205; x_wconf 86' lang='lat' dir='ltr'>Osirim,</span> 
     </span>
    </p>

    <p class='ocr_par' dir='ltr' id='par_1_4' title="bbox 209 1222 1355 1334">
     <span class='ocr_line' id='line_1_18' title="bbox 209 1222 1355 1273; baseline 0 -13"><span class='ocrx_word' id='word_1_109' title='bbox 209 1222 444 1261; x_wconf 87' lang='lat' dir='ltr'>Archetium</span> <span class='ocrx_word' id='word_1_110' title='bbox 518 1222 762 1269; x_wconf 85' lang='lat' dir='ltr'>Mnestheus,</span> <span class='ocrx_word' id='word_1_111' title='bbox 835 1222 1076 1273; x_wconf 87' lang='lat' dir='ltr'>Epulontem</span> <span class='ocrx_word' id='word_1_112' title='bbox 1145 1223 1355 1261; x_wconf 85' lang='lat' dir='ltr'>obtruncat</span> 
     </span>
     <span class='ocr_line' id='line_1_19' title="bbox 314 1287 499 1334; baseline 0 -9"><span class='ocrx_word' id='word_1_113' title='bbox 314 1287 499 1334; x_wconf 75' lang='lat' dir='ltr'>Achates,</span> 
     </span>
    </p>
   </div>
   <div class='ocr_carea' id='block_1_4' title="bbox 0 1351 1324 1443">
    <p class='ocr_par' dir='ltr' id='par_1_5' title="bbox 0 1351 1324 1443">
     <span class='ocr_line' id='line_1_20' title="bbox 0 1351 1324 1443; baseline -0.001 -53"><span class='ocrx_word' id='word_1_114' title='bbox 0 1373 29 1400; x_wconf 77' lang='lat'><em>„</em></span> <span class='ocrx_word' id='word_1_115' title='bbox 63 1351 475 1443; x_wconf 45' lang='lat' dir='ltr'>fflfentemque</span> <span class='ocrx_word' id='word_1_116' title='bbox 506 1351 613 1401; x_wconf 83' lang='lat' dir='ltr'>Gyas</span> <span class='ocrx_word' id='word_1_117' title='bbox 628 1366 638 1397; x_wconf 77' lang='lat'><em>3</em></span> <span class='ocrx_word' id='word_1_118' title='bbox 678 1351 784 1389; x_wconf 84' lang='lat' dir='ltr'>cadit</span> <span class='ocrx_word' id='word_1_119' title='bbox 813 1351 897 1401; x_wconf 88' lang='lat' dir='ltr'>ipse</span> <span class='ocrx_word' id='word_1_120' title='bbox 925 1351 1160 1389; x_wconf 88' lang='lat' dir='ltr'>Tolumnius</span> <span class='ocrx_word' id='word_1_121' title='bbox 1188 1364 1324 1408; x_wconf 80' lang='lat' dir='ltr'>augur,</span> 
     </span>
    </p>
   </div>
   <div class='ocr_carea' id='block_1_5' title="bbox 0 1409 1352 1467">
    <p class='ocr_par' dir='ltr' id='par_1_6' title="bbox 0 1409 1352 1467">
     <span class='ocr_line' id='line_1_21' title="bbox 0 1409 1352 1467; baseline 0.001 -16"><span class='ocrx_word' id='word_1_122' title='bbox 0 1409 39 1451; x_wconf 61' lang='grc' dir='ltr'>’β</span> <span class='ocrx_word' id='word_1_123' title='bbox 174 1418 356 1467; x_wconf 61' lang='grc' dir='ltr'>ωρξιῐῐιηε</span> <span class='ocrx_word' id='word_1_124' title='bbox 385 1416 427 1453; x_wconf 87' lang='lat' dir='ltr'>in</span> <span class='ocrx_word' id='word_1_125' title='bbox 457 1415 642 1460; x_wconf 62' lang='lat' dir='ltr'>adxetsns</span> <span class='ocrx_word' id='word_1_126' title='bbox 670 1415 795 1461; x_wconf 65' lang='lat' dir='ltr'>telum</span> <span class='ocrx_word' id='word_1_127' title='bbox 825 1416 892 1466; x_wconf 78' lang='lat' dir='ltr'>qui</span> <span class='ocrx_word' id='word_1_128' title='bbox 921 1420 1089 1454; x_wconf 84' lang='lat' dir='ltr'>torserat</span> <span class='ocrx_word' id='word_1_129' title='bbox 1118 1415 1260 1460; x_wconf 64' lang='lat' dir='ltr'>hostes,</span> <span class='ocrx_word' id='word_1_130' title='bbox 1305 1429 1352 1458; x_wconf 86' lang='lat'>461</span> 
     </span>
    </p>
   </div>
   <div class='ocr_carea' id='block_1_6' title="bbox 0 1468 1352 1987">
    <p class='ocr_par' dir='ltr' id='par_1_7' title="bbox 0 1468 1292 1597">
     <span class='ocr_line' id='line_1_22' title="bbox 0 1468 1215 1548; baseline -0.001 -29"><span class='ocrx_word' id='word_1_131' title='bbox 0 1468 182 1548; x_wconf 40' lang='lat' dir='ltr'>&#39;&#39;nst-1⁷1</span> <span class='ocrx_word' id='word_1_132' title='bbox 207 1481 364 1520; x_wconf 90' lang='lat' dir='ltr'>tollitur</span> <span class='ocrx_word' id='word_1_133' title='bbox 393 1482 434 1518; x_wconf 91' lang='lat' dir='ltr'>in</span> <span class='ocrx_word' id='word_1_134' title='bbox 463 1480 616 1518; x_wconf 86' lang='lat' dir='ltr'>caelum</span> <span class='ocrx_word' id='word_1_135' title='bbox 645 1480 803 1528; x_wconf 87' lang='lat' dir='ltr'>clamor,</span> <span class='ocrx_word' id='word_1_136' title='bbox 834 1481 1015 1531; x_wconf 84' lang='lat' dir='ltr'>versique</span> <span class='ocrx_word' id='word_1_137' title='bbox 1043 1480 1215 1519; x_wconf 86' lang='lat' dir='ltr'>vicissim</span> 
     </span>
     <span class='ocr_line' id='line_1_23' title="bbox 143 1545 1292 1597; baseline -0.001 -13"><span class='ocrx_word' id='word_1_138' title='bbox 143 1562 150 1568; x_wconf 69' lang='lat'><strong><em>¹</em></strong></span> <span class='ocrx_word' id='word_1_139' title='bbox 206 1545 483 1597; x_wconf 87' lang='lat' dir='ltr'>pulverulenta</span> <span class='ocrx_word' id='word_1_140' title='bbox 511 1545 606 1596; x_wconf 88' lang='lat' dir='ltr'>fuga</span> <span class='ocrx_word' id='word_1_141' title='bbox 634 1545 775 1583; x_wconf 81' lang='lat' dir='ltr'>Rutuli</span> <span class='ocrx_word' id='word_1_142' title='bbox 805 1545 904 1584; x_wconf 86' lang='lat' dir='ltr'>dant</span> <span class='ocrx_word' id='word_1_143' title='bbox 933 1552 1045 1596; x_wconf 86' lang='lat' dir='ltr'>terga</span> <span class='ocrx_word' id='word_1_144' title='bbox 1072 1559 1142 1596; x_wconf 88' lang='lat' dir='ltr'>per</span> <span class='ocrx_word' id='word_1_145' title='bbox 1170 1559 1292 1596; x_wconf 85' lang='lat' dir='ltr'>agros.</span> 
     </span>
    </p>

    <p class='ocr_par' dir='ltr' id='par_1_8' title="bbox 0 1610 1352 1875">
     <span class='ocr_line' id='line_1_24' title="bbox 0 1610 1212 1681; baseline 0 -33"><span class='ocrx_word' id='word_1_146' title='bbox 0 1614 19 1662; x_wconf 29' lang='lat'>&#39;¹</span> <span class='ocrx_word' id='word_1_147' title='bbox 67 1642 155 1681; x_wconf 42' lang='lat' dir='ltr'>f·</span> <span class='ocrx_word' id='word_1_148' title='bbox 206 1611 290 1661; x_wconf 85' lang='lat' dir='ltr'>ipse</span> <span class='ocrx_word' id='word_1_149' title='bbox 319 1623 447 1661; x_wconf 88' lang='lat' dir='ltr'>neque</span> <span class='ocrx_word' id='word_1_150' title='bbox 477 1623 634 1648; x_wconf 87' lang='lat' dir='ltr'>aversos</span> <span class='ocrx_word' id='word_1_151' title='bbox 663 1610 851 1660; x_wconf 87' lang='lat' dir='ltr'>dignatur</span> <span class='ocrx_word' id='word_1_152' title='bbox 880 1616 1055 1648; x_wconf 87' lang='lat' dir='ltr'>sternere</span> <span class='ocrx_word' id='word_1_153' title='bbox 1083 1610 1212 1657; x_wconf 80' lang='lat' dir='ltr'>morti,</span> 
     </span>
     <span class='ocr_line' id='line_1_25' title="bbox 0 1648 1352 1771; baseline -0.001 -58"><span class='ocrx_word' id='word_1_154' title='bbox 0 1648 278 1771; x_wconf 51' lang='lat' dir='ltr'>fflnec</span> <span class='ocrx_word' id='word_1_155' title='bbox 309 1675 408 1726; x_wconf 88' lang='lat' dir='ltr'>pede</span> <span class='ocrx_word' id='word_1_156' title='bbox 437 1688 664 1725; x_wconf 86' lang='lat' dir='ltr'>congressos</span> <span class='ocrx_word' id='word_1_157' title='bbox 693 1688 818 1725; x_wconf 86' lang='lat' dir='ltr'>aequo</span> <span class='ocrx_word' id='word_1_158' title='bbox 847 1689 916 1713; x_wconf 87' lang='lat' dir='ltr'>nec</span> <span class='ocrx_word' id='word_1_159' title='bbox 947 1675 1025 1713; x_wconf 86' lang='lat' dir='ltr'>tela</span> <span class='ocrx_word' id='word_1_160' title='bbox 1052 1675 1222 1713; x_wconf 86' lang='lat' dir='ltr'>ferentes</span> <span class='ocrx_word' id='word_1_161' title='bbox 1305 1689 1352 1718; x_wconf 77' lang='lat'>465</span> 
     </span>
     <span class='ocr_line' id='line_1_26' title="bbox 0 1734 1240 1792; baseline -0.001 -14"><span class='ocrx_word' id='word_1_162' title='bbox 0 1787 4 1792; x_wconf 21' lang='lat' dir='ltr'><em>r</em></span> <span class='ocrx_word' id='word_1_163' title='bbox 206 1741 454 1791; x_wconf 82' lang='lat' dir='ltr'>insequitur3</span> <span class='ocrx_word' id='word_1_164' title='bbox 493 1740 620 1778; x_wconf 90' lang='lat' dir='ltr'>solum</span> <span class='ocrx_word' id='word_1_165' title='bbox 649 1739 772 1779; x_wconf 88' lang='lat' dir='ltr'>densa</span> <span class='ocrx_word' id='word_1_166' title='bbox 799 1741 841 1778; x_wconf 91' lang='lat' dir='ltr'>in</span> <span class='ocrx_word' id='word_1_167' title='bbox 871 1734 1036 1790; x_wconf 88' lang='lat' dir='ltr'>caligine</span> <span class='ocrx_word' id='word_1_168' title='bbox 1064 1739 1240 1777; x_wconf 88' lang='lat' dir='ltr'>Turnum</span> 
     </span>
     <span class='ocr_line' id='line_1_27' title="bbox 9 1805 1229 1875; baseline -0.002 -31"><span class='ocrx_word' id='word_1_169' title='bbox 9 1818 84 1875; x_wconf 57' lang='lat' dir='ltr'>&gt;h</span> <span class='ocrx_word' id='word_1_170' title='bbox 207 1806 378 1857; x_wconf 86' lang='lat' dir='ltr'>vestigat</span> <span class='ocrx_word' id='word_1_171' title='bbox 406 1806 592 1854; x_wconf 81' lang='lat' dir='ltr'>lustrans,</span> <span class='ocrx_word' id='word_1_172' title='bbox 625 1805 753 1844; x_wconf 87' lang='lat' dir='ltr'>solum</span> <span class='ocrx_word' id='word_1_173' title='bbox 782 1806 824 1843; x_wconf 89' lang='lat' dir='ltr'>in</span> <span class='ocrx_word' id='word_1_174' title='bbox 853 1805 1069 1844; x_wconf 86' lang='lat' dir='ltr'>certamina</span> <span class='ocrx_word' id='word_1_175' title='bbox 1097 1805 1229 1855; x_wconf 89' lang='lat' dir='ltr'>poscit.</span> 
     </span>
    </p>

    <p class='ocr_par' dir='ltr' id='par_1_9' title="bbox 207 1870 1200 1920">
     <span class='ocr_line' id='line_1_28' title="bbox 207 1870 1200 1920; baseline -0.001 -12"><span class='ocrx_word' id='word_1_176' title='bbox 207 1870 281 1908; x_wconf 89' lang='lat' dir='ltr'>hoc</span> <span class='ocrx_word' id='word_1_177' title='bbox 311 1884 498 1908; x_wconf 84' lang='lat' dir='ltr'>concussa</span> <span class='ocrx_word' id='word_1_178' title='bbox 526 1876 636 1909; x_wconf 85' lang='lat' dir='ltr'>metu</span> <span class='ocrx_word' id='word_1_179' title='bbox 665 1876 838 1910; x_wconf 88' lang='lat' dir='ltr'>mentem</span> <span class='ocrx_word' id='word_1_180' title='bbox 869 1870 1038 1908; x_wconf 88' lang='lat' dir='ltr'>Iuturna</span> <span class='ocrx_word' id='word_1_181' title='bbox 1065 1870 1200 1920; x_wconf 85' lang='lat' dir='ltr'>virago</span> 
     </span>
    </p>

    <p class='ocr_par' dir='ltr' id='par_1_10' title="bbox 209 1935 1177 1987">
     <span class='ocr_line' id='line_1_29' title="bbox 209 1935 1177 1987; baseline 0 -14"><span class='ocrx_word' id='word_1_182' title='bbox 209 1935 384 1987; x_wconf 86' lang='lat' dir='ltr'>aurigam</span> <span class='ocrx_word' id='word_1_183' title='bbox 412 1936 535 1974; x_wconf 89' lang='lat' dir='ltr'>Turni</span> <span class='ocrx_word' id='word_1_184' title='bbox 565 1936 696 1975; x_wconf 87' lang='lat' dir='ltr'>media</span> <span class='ocrx_word' id='word_1_185' title='bbox 724 1936 828 1974; x_wconf 83' lang='lat' dir='ltr'>inter</span> <span class='ocrx_word' id='word_1_186' title='bbox 855 1936 939 1975; x_wconf 88' lang='lat' dir='ltr'>lora</span> <span class='ocrx_word' id='word_1_187' title='bbox 967 1935 1177 1975; x_wconf 85' lang='lat' dir='ltr'>Metiscum</span> 
     </span>
    </p>
   </div>
  </div>
 </body>
</html>
