1429 2155
155 68 198 99 34

415 41 467 65 ‘³³
500 67 536 99 P.
564 23 766 99 vERGILI
791 68 1009 101 MARoms

89 153 92 162 ι
167 163 179 186 ³
202 161 416 205 condicio?
459 179 612 217 possem
641 171 774 205 tantos
804 166 916 205 finire
945 167 1099 205 dolores
1304 180 1354 206 880

210 245 313 269 nunc
343 236 459 277 certe,
485 236 525 269 et
548 231 691 269 misero
715 231 828 269 fratri
855 245 983 270 comes
1008 232 1063 270 ire
1087 245 1156 282 per
1181 232 1349 271 umbras.

210 296 429 334 inmortalis
459 297 556 346 ego?
595 301 663 333 aut
687 296 898 346 quicquam
921 296 1017 334 mihi
1042 296 1156 335 dulce
1177 310 1350 335 meorum

210 366 249 398 te
279 360 373 406 sine,
406 360 538 407 frater,
572 359 679 398 erit?
736 373 758 398 o
787 373 887 410 quae
917 360 1012 398 satis
1041 360 1121 399 alta
1149 360 1326 400 dehiscat

210 429 315 462 terra
343 424 442 462 mihi
471 424 690 474 Manesque
719 424 833 462 deam
862 424 1049 462 demittat
1077 424 1127 462 ad
1156 425 1305 464 imos2'

151 525 171 535 ,¹
210 491 368 542 tantum
399 487 515 524 effata
545 491 663 536 caput
691 486 829 536 glauco
859 486 1035 523 contexit
1064 487 1220 534 amictu,
1305 499 1352 529 885

210 544 336 588 m'ulta
364 563 534 601 gemens,
567 555 606 588 et
636 563 675 588 se
705 550 826 588 fluvio
857 549 930 588 dea
959 550 1138 589 condidit
1166 550 1257 590 alto.

168 605 173 615 ι
187 603 196 617 t

172 656 178 663 ,

204 602 238 624 ‘⁵'
265 616 420 653 Aeneas
450 615 574 653 instat
603 620 742 653 contra
771 614 973 665 telumque
1003 620 1180 654 coruscat

151 705 164 723 2
183 694 193 709 ⁴·
210 679 360 730 ingens,
391 679 610 726 arboreum,
642 685 682 717 et
711 692 827 717 saevo
857 679 910 717 sic
939 684 1097 729 pectore
1125 679 1254 718 fatur:

156 759 160 762 ·
208 757 307 794 quae
357 757 459 782 nunc
512 743 656 782 deinde
712 757 822 783 mora
870 746 955 782 est2
1004 749 1072 782 aut
1119 744 1215 795 quid
1262 745 1350 792 iam,

318 808 461 854 Turne,
493 813 682 847 retractas
701 810 714 846 ’ζ

146 869 165 873 ”
211 887 290 912 non
307 887 432 920 cursu,
451 873 578 912 saevis
598 873 830 912 certandum
845 878 905 912 est
920 874 1138 912 comminus
1154 874 1283 912 armis.
1305 887 1354 918 890

211 944 321 977 verte
351 951 486 976 omnes
516 943 598 976 tete
627 939 669 976 in
697 938 825 984 facies,
857 943 897 977 et
926 938 1112 976 contrahe
1141 939 1335 989 quidquid

211 1003 293 1042 sive
323 1003 464 1041 animis
493 1003 575 1041 sive
605 1008 688 1041 arte
717 1003 823 1041 vales
837 1018 848 1051 3
877 1009 972 1054 opta
999 1003 1123 1042 ardua
1150 1003 1282 1054 pinnis

114 1111 118 1118 ‚
141 1091 160 1113 ,Δ-
212 1075 316 1106 astra
345 1068 467 1119 sequi,
499 1068 753 1118 clausumque
783 1073 876 1106 cava
904 1073 944 1106 te
974 1068 1140 1107 condere
1169 1071 1297 1107 terra)

208 1132 275 1171 ille
304 1138 422 1183 caput
451 1145 663 1183 quassans:
696 1137 797 1170 ‘non
825 1145 887 1171 me
915 1138 986 1171 tua
1014 1132 1168 1172 fervida
1200 1138 1352 1172 terrent

180 1196 328 1254 =Jgssicta‚
358 1198 494 1244 ferox3
524 1196 565 1235 di
593 1210 656 1234 me
685 1202 836 1235 terrent
863 1202 903 1235 et
928 1197 1109 1249 Iuppiter
1137 1197 1284 1236 hostis.'
1305 1212 1352 1242 895

210 1275 280 1300 nec
309 1261 423 1312 plura
451 1262 592 1300 effatus
621 1274 760 1300 saxum
791 1261 1054 1312 circumspicit
1082 1263 1230 1313 ingens,

211 1339 349 1364 saxum
371 1326 591 1376 antiquum,
615 1326 764 1377 ingens,
783 1340 920 1377 campo
941 1327 1046 1377 quod
1066 1327 1167 1365 forte
1187 1327 1348 1374 iacebat,

210 1390 322 1429 limes
352 1404 444 1441 agro
473 1391 635 1441 positus,
667 1391 777 1429 litem
807 1398 852 1430 ut
881 1392 1120 1430 discerneret
1148 1393 1259 1430 arvis.

213 1455 280 1492 vix
308 1455 408 1493 illud
437 1454 528 1494 lecti
558 1456 617 1494 bis
648 1469 717 1495 sex
747 1457 895 1495 cervice
924 1456 1111 1502 subirent,

210 1519 341 1569 qualia
374 1533 477 1557 nunc
507 1519 712 1559 hominum
741 1520 924 1571 producit
953 1533 1115 1571 corpora
1143 1520 1260 1559 tellus
1275 1535 1285 1568 3
1302 1541 1353 1565 900

210 1583 274 1622 ille
304 1597 424 1622 manu
453 1589 610 1635 raptum
640 1584 797 1634 trepida
824 1585 1035 1635 torquebat
1063 1584 1104 1622 in
1133 1584 1287 1623 hostem

209 1647 325 1685 altior
354 1648 562 1699 insurgens
592 1653 632 1687 et
660 1662 775 1686 cursu
805 1649 978 1686 concitus
1007 1648 1130 1686 heros.

209 1711 277 1750 sed
307 1725 435 1762 neque
465 1718 689 1751 currentem
719 1726 758 1751 se
788 1726 858 1751 nec
888 1713 1088 1763 cognoscit
1117 1718 1276 1751 euntem

207 1776 465 1815 tollentemve
493 1791 610 1815 manu
643 1790 833 1816 saxumve
875 1778 1032 1816 inmane
1061 1782 1310 1817 moventem:

206 1855 334 1891 genua
363 1842 510 1888 labant,
535 1842 690 1893 gelidus
719 1843 917 1881 concrevit
940 1843 1086 1893 frigore
1111 1842 1280 1893 sanguis.
1301 1863 1351 1888 905

207 1911 293 1943 tum
323 1906 421 1956 lapis
450 1907 533 1956 ipse
563 1907 649 1953 viri,
680 1919 848 1945 vacuum
878 1919 948 1956 per
975 1907 1091 1945 inane
1120 1906 1290 1952 volutus,

1154 2018 1162 2030 ,³
1212 2004 1271 2026 ιχω
1294 2008 1307 2019 ».
1404 2016 1410 2019 ,
