1429 2155
124 88 144 118 8
471 87 506 117 Ρ.
534 86 734 118 VERGILI
759 87 793 118 M
799 87 974 120 ARONIS

176 193 217 226 et
246 188 366 226 Pater
395 188 647 237 omnipotens
677 193 716 226 et
745 194 798 235 tu,
833 188 1019 228 Saturnia
1047 190 1230 239 coniunx,

175 253 255 291 iam
302 253 449 299 melior,
500 253 589 299 iam,
640 252 742 301 diva,
792 266 950 303 precor5
1004 260 1123 305 tuque
1169 255 1316 294 inclute

283 318 454 363 Mavors,

175 386 315 420 cuneta
335 388 403 419 tuo
425 381 493 432 qui
515 381 627 428 bella,
647 387 769 432 pater,
790 383 862 420 sub
882 385 1042 422 numine
1064 389 1249 434 torques,
1271 396 1317 421 180

173 447 380 496 fontesque
410 447 630 496 fluviosque
661 460 766 494 voco,
795 460 970 498 quaeque
1000 448 1171 487 aetheris
1199 448 1272 487 alti

173 511 310 561 religio
341 516 380 549 et
409 524 509 561 quae
540 511 718 549 caeruleo
747 518 841 549 sunt
869 513 1032 551 numina
1061 518 1207 564 ponto:

131 566 134 568 ¹
173 575 334 613 cesserit
363 575 542 613 Ausonio
572 576 604 613 si
634 576 714 614 fors
743 576 909 614 victoria
937 576 1081 625 Turno,

173 639 359 678 convenit
388 640 564 678 Euandri
594 640 718 679 victos
748 640 946 680 discedere
977 641 1026 680 ad
1055 642 1193 680 urbem
1207 657 1218 689 3

172 701 286 740 cedet
316 701 426 740 Iulus
455 702 583 753 agris3
613 715 683 741 nec
713 708 803 754 post
832 716 939 742 arma
967 703 1047 742 ulla
1074 704 1238 743 rebelles
1269 717 1315 748 185

172 765 384 805 Aeneadae
413 766 594 814 referent,
627 767 780 806 ferrove
809 767 903 806 haec
933 781 1052 819 regna
1080 768 1280 808 lacessent.

68 868 79 885 y.
108 880 118 885 „
171 830 232 868 sin
262 836 443 870 nostrum
472 832 657 871 adnuerit
669 833 814 902 nobi-s-
828 833 994 892 victoria
1022 786 1429 920 Martem&

84 888 148 953 A*
171 900 226 961 ut
244 891 377 945 potius
405 902 493 935 reor
522 902 562 935 et
590 865 792 964 potlusssdi
821 884 982 936 numine
994 881 1178 961 lfirment,
1188 878 1372 958 ’Κίςςμν

118 948 125 953 χ
171 974 250 999 non
281 974 351 1012 ego
381 975 452 1000 nee
481 961 642 1000 Teucris
670 956 821 1001 Italos
816 954 959 1013 parere
988 962 1148 1011 iubebo‘,

170 1040 241 1064 nee
269 1027 365 1065 mihi
390 1040 511 1078 regna
537 1033 653 1078 peto,
687 1028 846 1078 paribus
873 1042 912 1067 se
937 1028 1088 1080 legibus
1111 1029 1248 1067 ambae
1268 1050 1316 1074 190

0 1100 112 1138 τοιού
170 1091 341 1130 invictae
370 1098 507 1142 gentes
536 1099 695 1131 aeterna
723 1093 763 1131 in
793 1093 950 1132 foedera
978 1094 1150 1132 mittant.

2 1161 68 1200 „v
171 1169 279 1195 saera
307 1156 481 1207 deosque
511 1156 613 1196 dabo
629 1173 637 1205 3
676 1171 784 1196 socer
813 1171 920 1196 arma
948 1158 1113 1196 Latinus
1142 1158 1297 1207 habeto,

0 1224 124 1272 (43⁶⁷
170 1221 380 1271 imperium
410 1221 598 1260 sollemne
628 1235 760 1270 soeer;
799 1223 896 1260 mihi
925 1223 1079 1261 moenia
1107 1223 1247 1262 Teucri

17 1306 80 1326 „40
170 1286 426 1334 constituent,
458 1287 625 1337 urbique
655 1287 765 1325 dabit
794 1287 959 1325 Lavinia
986 1289 1153 1326 nomen.'

171 1350 225 1388 sio
254 1350 361 1400 prior
389 1351 544 1390 Aeneas
559 1366 569 1399 3
608 1353 787 1402 sequitur
816 1352 870 1390 sie
900 1352 1042 1390 deinde
1071 1352 1237 1391 Latinus
1268 1374 1314 1397 195

171 1416 386 1465 suspiciens
417 1416 566 1454 caelum
597 1417 805 1467 tenditque
835 1417 884 1455 ad
914 1417 1042 1455 sidera
1070 1417 1275 1456 dextram:

151 1479 265 1518 ‘haee
295 1480 441 1526 eadem,
474 1483 619 1528 Aenea,
653 1482 826 1528 Terram,
857 1482 978 1529 Mare,
1009 1482 1147 1521 Sidera
1175 1483 1260 1521 iuro

171 1544 425 1596 Latonaeque
455 1560 577 1597 genus
607 1546 765 1597 duplex,
798 1547 1017 1598 Ianumque
1046 1547 1270 1594 bifrontem,

172 1609 329 1660 vimque
359 1610 478 1648 deum
506 1611 702 1649 infernam
732 1617 771 1650 et
800 1611 887 1649 duri
918 1612 1084 1650 sacraria
1111 1611 1217 1650 Ditis
1232 1628 1241 1661 3

172 1674 308 1712 audiat
328 1675 422 1713 haec
444 1675 621 1723 Genitor,
641 1676 710 1726 qui
729 1676 888 1714 foedera
907 1676 1070 1715 fulmine
1095 1677 1245 1725 sancit3
1265 1697 1314 1713 200

172 1744 290 1790 tango
320 1753 416 1787 aras,
449 1740 599 1779 medios
629 1741 738 1791 ignes
768 1746 808 1778 et
836 1741 999 1778 numina
1028 1746 1174 1779 testor:

170 1804 280 1842 nulla
309 1804 393 1843 (lies
422 1818 557 1855 pacem
587 1805 687 1843 hane
717 1805 829 1843 Italis
858 1819 929 1844 nee
957 1805 1114 1844 foedera
1141 1811 1309 1855 rumpet,

170 1882 248 1920 quo
274 1883 335 1907 res
363 1883 530 1920 cumque
556 1869 698 1907 eadent
712 1885 722 1917 3
753 1883 825 1908 nec
849 1883 911 1908 me
931 1870 989 1907 vis
1015 1869 1095 1908 ulla
1114 1869 1312 1908 volentem

170 1939 333 1980 avertet,
367 1947 456 1979 non,
489 1934 520 1972 si
550 1934 730 1972 tellurem
762 1934 938 1972 effundat
967 1934 1007 1971 in
1026 1934 1152 1972 undas
