1429 2155
438 90 678 122 AENEIDOS
704 90 790 121 LIB.
820 89 902 121 XII.
1070 112 1077 125 s
1232 90 1270 120 21

947 151 950 154 ’
986 168 994 174 ,»
1019 150 1137 177 fita-*2²¹³

125 192 291 243 quisque
312 204 427 229 suum
447 190 659 241 populatus
679 191 755 241 iter
773 206 779 229 :
808 166 1066 243 ἦξὲιέὲξῇᾖιε
1086 174 1202 227 anibo
1227 209 1273 232 525

127 256 281 294 Aeneas
311 256 546 306 Turnusque
575 260 698 293 ruunt
724 268 794 317 per
820 254 992 305 proelia3
1026 267 1141 301 nunc,
1170 266 1274 291 nunc

127 321 294 359 fluctuat
322 321 381 359 ira
409 321 516 358 intus
532 336 541 369 3
580 322 821 370 rumpuntur
849 319 979 357 nescia
1008 318 1113 356 vinci

126 391 310 436 pectora3
348 399 452 423 nunc
481 385 576 423 totis
606 385 647 422 in
678 384 843 423 vulnera-
871 371 1022 422 viribus
1050 384 1141 421 itur.

127 451 361 490 Murranum
382 451 455 499 hic,
479 456 615 489 atavos
635 456 674 488 et
695 463 859 488 avorum
879 450 1043 500 antiqua
1068 455 1274 487 sonantem

126 517 297 565 nomina,
316 530 385 567 per
404 529 595 567 regesque
611 521 741 554 actum
759 529 882 566 genus
899 528 1013 553 omne
1029 514 1204 560 Latinos,
1228 535 1276 557 530

127 582 384 633 praecipitem
413 581 573 632 scopulo
603 587 723 632 atque
752 581 927 632 ingentis
957 580 1114 618 turbine
1145 579 1230 618 saxi

127 647 277 686 excutit
307 647 554 698 effunditque
579 646 687 695 sd103
724 646 829 685 hunc
853 646 937 684 lora
961 651 999 683 et
1024 645 1115 695 iuga
1139 645 1274 683 subter

125 712 356 764 provolvere
386 701 523 760 rotae}
559 712 696 750 crebro
726 724 844 762 super
872 710 1022 761 ungula
1052 709 1166 761 pulsu

125 776 247 816 incita
274 790 345 816 nec
374 776 525 815 domini
554 790 774 815 memorum
803 776 1004 826 proculcat
1033 788 1234 825 equorum.

124 842 190 881 ille
219 843 350 881 ruenti
381 842 505 892 Hyllo
535 841 754 892 animisque
783 841 941 879 inmane
971 839 1156 878 frementi
1227 859 1273 882 535

125 907 304 954 occurrit,
335 906 538 957 telumque
568 912 706 945 aurata
735 906 785 945 ad
815 912 996 956 tempora
1025 910 1208 956 torquet:

126 971 192 1010 olli
222 985 292 1022 per
319 971 470 1022 galeam
501 972 579 1009 fixo
609 971 722 1009 stetit
750 971 866 1009 hasta
895 971 1064 1009 cerebro.

112 1036 288 1074 -sdextera
317 1049 387 1074 nec
416 1042 485 1074 tua
514 1041 564 1083 te,
597 1035 765 1074 Graium
793 1036 1018 1083 fortissime,
1051 1033 1236 1081 Cretheu,

125 1101 270 1151 eripuit
299 1101 460 1148 Turn03
498 1114 567 1139 nec
597 1100 638 1139 di
668 1107 804 1140 texere
833 1100 1074 1150 Cupencum,

127 1165 261 1204 Aenea
289 1167 484 1212 veniente,
517 1166 577 1204 sui
592 1181 602 1214 3
641 1166 754 1204 dedit
784 1166 901 1204 obvia
930 1165 1032 1204 ferro
1227 1185 1276 1208 540

126 1238 295 1281 pectora,
327 1244 398 1269 nec
427 1231 569 1269 misero
600 1230 716 1282 clipei
745 1244 856 1269 mora
885 1230 1036 1281 profuit
1065 1229 1178 1268 aerei.

126 1299 165 1334 te
195 1308 350 1346 quoque
379 1295 597 1333 Laurentes
628 1295 829 1341 viderunt,
860 1294 995 1342 Aeole,
1028 1294 1155 1344 campi

126 1366 312 1411 oppetere
342 1366 382 1399 et
410 1360 489 1400 late
519 1365 666 1399 terram
696 1365 948 1398 consternere
978 1364 1089 1410 tergo
1105 1373 1114 1406 3

127 1425 280 1471 occidis,
311 1425 484 1477 Argivae
514 1439 630 1476 quem
660 1439 739 1463 non
769 1430 934 1475 potuere
963 1424 1177 1475 phalanges

127 1497 312 1537 sternere,
335 1504 406 1530 nec
427 1491 574 1529 Priami
600 1504 812 1541 regnorum
834 1502 991 1528 eversor
1012 1488 1209 1537 Achilles3
1229 1509 1276 1533 545

127 1555 190 1593 hic
218 1556 292 1594 tibi
321 1556 461 1594 mortis
491 1561 604 1594 erant
633 1562 772 1602 metae,
806 1554 946 1592 domus
976 1553 1057 1591 alta
1085 1553 1157 1591 sub
1191 1553 1274 1599 Ida,

128 1620 294 1669 Lyrnesi
324 1620 463 1659 domus
494 1620 583 1669 alta,
615 1621 697 1659 solo
728 1620 926 1658 Laurente
956 1617 1220 1668 sepulchrum.

129 1689 234 1723 totae
263 1685 361 1723 adeo
391 1699 600 1724 conversae
635 1685 744 1732 acies,
779 1697 992 1735 omnesque
1021 1683 1167 1730 Latini,

128 1763 264 1788 omnes
292 1750 558 1798 Dardanidae,
591 1750 825 1789 Mnestheus
856 1763 1022 1801 acerque
1052 1748 1244 1795 Serestus,

127 1820 168 1853 et
196 1814 402 1866 Messapus
432 1830 576 1867 equum
606 1816 789 1862 domitor,
821 1821 861 1854 et
890 1815 1006 1854 fortis
1035 1813 1176 1861 Asilas,
1230 1833 1279 1856 550

129 1879 426 1932 Tuscorumque
455 1880 642 1931 phalanx,
672 1880 930 1931 Euandrique
961 1879 1137 1919 Arcades
1167 1878 1261 1924 alae,

129 1957 200 1995 pro
229 1958 269 1983 se
299 1945 464 1996 quisque
493 1946 569 1984 viri
599 1959 752 1984 summa
780 1946 968 1984 nituntur
997 1958 1117 1996 opum
1146 1943 1212 1982 vi:
