1429 2155
444 116 685 148 AENEIDOS
713 116 798 147 LIB.
828 115 909 147 XII.
1263 113 1280 145 7

135 232 213 257 non
256 231 426 268 pugnam
471 217 641 267 aspicere
684 217 784 254 hanc
827 216 958 263 oculis,
1005 229 1083 253 non
1124 214 1282 253 foedera

242 296 411 333 possum.

136 353 176 385 tu
208 360 278 397 pro
308 359 495 397 germano
525 345 557 384 si
586 345 681 396 quid
711 345 960 396 praesentius
990 344 1121 391 audes,

135 426 277 463 perge3
313 412 435 450 decet.
496 411 629 450 forsan
659 411 822 450 miseros
851 411 1013 449 meliora
1043 410 1280 460 sequentur.'

135 477 203 514 vix
232 490 286 523 ea,
319 490 402 514 cum
435 476 614 514 lacrimas
644 476 766 514 oculis
796 475 964 514 Iuturna
993 475 1180 525 profudit,

135 545 272 591 terque
297 546 514 591 quaterque
538 553 656 578 manu
681 545 818 591 pectus
843 539 1035 590 percussit
1055 539 1278 578 honestum.

111 609 213 643 ‘non
244 606 412 644 lacrimis
442 605 515 643 hoc
545 607 726 654 tempus‚’
757 605 813 642 ait
843 604 1030 643 Saturnia
1059 603 1183 651 Iuno;
1236 617 1282 646 156

112 670 311 709 ‘adcelera
340 675 379 708 et
408 670 582 717 fratrem,
615 670 647 707 si
677 670 765 720 quis
796 669 946 715 modus,
980 669 1085 721 eripe
1115 669 1243 715 morti,

135 741 204 773 aut
232 741 277 773 tu
305 735 408 773 bella
437 735 492 772 cie
522 740 833 784 conceptumque
863 734 1002 771 excute
1032 732 1192 771 foedus:

135 805 270 838 auctor
299 813 370 850 ego
399 798 594 837 audendi!
652 799 708 836 sic
737 798 947 836 exhortata
975 797 1137 847 reliquit

134 864 324 903 incertam
353 870 393 903 et
422 864 527 902 tristi
557 863 759 902 turbatam
790 862 951 901 vulnere
981 862 1135 900 mentis.
1238 875 1285 899 160

191 929 198 936 '
410 942 486 979 ges,
518 928 671 979 ingenti
701 928 804 966 mole
833 927 1002 966 Latinus

85 936 407 1045 W
397 993 556 1032 vehitur
585 1007 712 1040 curru,
746 993 807 1031 cui
837 998 1016 1042 tempora
1044 992 1189 1030 circum

135 1058 261 1096 aurati
292 1058 350 1096 bis
380 1071 449 1095 sex
477 1057 579 1096 radii
611 1057 807 1109 fulgentia
836 1058 1011 1108 cingunt,

136 1123 236 1162 Solis
266 1123 330 1161 avi
359 1123 567 1173 specimen,
600 1123 702 1173 bigis
732 1123 764 1160 it
794 1122 950 1160 Turnus
980 1122 1021 1160 in
1052 1121 1161 1169 albis,

135 1188 228 1226 bina
256 1201 375 1226 manu
405 1187 486 1225 lato
516 1187 691 1237 crispans
722 1187 882 1225 hastilia
910 1187 1075 1226 ferrof
1237 1199 1283 1229 165

134 1253 225 1291 hinc
255 1258 366 1303 pater
395 1254 559 1300 Aeneas,
592 1253 794 1291 Romanae
825 1253 959 1302 stirpis
989 1252 1108 1303 origo,

134 1317 286 1356 sidereo
316 1317 484 1368 flagrans
514 1317 638 1367 clipeo
668 1323 709 1355 et
739 1317 972 1356 caelestibus
1001 1317 1131 1363 armis,

135 1388 174 1421 et
202 1382 316 1420 iuxta
343 1382 548 1429 Ascanius,
580 1396 745 1433 magnae
776 1396 863 1432 spes
893 1382 1016 1420 altera
1045 1382 1205 1425 Romae,

53 1492 65 1513 ρ
109 1492 112 1496 ,
183 1447 354 1499 ocedunt
382 1448 545 1495 castris;
584 1461 759 1498 puraque
790 1447 830 1485 in
861 1452 969 1485 veste
998 1446 1178 1485 sacerdos

47 1492 349 1563 J-sffssasslt'igerae
378 1513 504 1550 fetum
534 1513 613 1550 suis
643 1513 920 1562 intonsamque
950 1511 1152 1550 bidentem
1238 1532 1284 1555 170

135 1577 281 1625 attulit,
305 1577 563 1628 admovitque
592 1591 711 1629 pecus
740 1577 1000 1629 flagrantibus
1029 1577 1115 1615 aris.

135 1642 191 1680 illi
221 1642 270 1680 ad
300 1648 528 1694 surgentem
558 1643 735 1681 conversi
765 1643 915 1681 lumina
944 1642 1066 1680 solem

136 1706 233 1745 dant
261 1708 392 1758 fruges
422 1708 602 1745 manibus
633 1708 753 1745 salsas
783 1716 822 1746 et·
851 1714 1031 1758 tempora
1059 1707 1162 1745 ferro

136 1785 288 1811 summa
317 1778 459 1811 notant
488 1773 695 1823 pecudum,
723 1774 947 1824 paterisque
975 1773 1115 1811 altaria
1143 1772 1278 1810 libant.

106 1837 341 1908 Qp-Qs
368 1837 523 1875 Aeneas
554 1838 689 1875 stri0t0
720 1838 773 1876 sic
803 1852 893 1876 ense
924 1843 1129 1888 precatur:
1236 1857 1282 1880 175

138 1906 221 1939 esto
250 1915 354 1939 nunc
385 1902 452 1940 Sol
481 1902 594 1940 testis
624 1908 664 1940 et
693 1902 787 1941 haec
817 1903 912 1940 mihi
943 1903 1064 1941 Terra
1093 1901 1262 1949 vocanti,

8 1907 256 2083 Quam
284 1972 446 2017 propter
474 1972 606 2007 tantos
636 1967 746 2017 potui
777 1968 948 2018 perferre
978 1967 1140 2015 labores,

187 2050 1306 2142 &mmxaMQ-QaQ.
