1429 2155
448 92 688 126 AENEIDOS
713 93 800 125 LIB.
829 93 912 125 XII.
1238 93 1281 126 35

137 208 207 232 nec
236 193 408 244 spatium
438 192 564 231 evasit
593 197 735 238 totum,
767 205 895 242 neque
923 191 1091 243 pertulit
1119 192 1251 230 ictum.

137 272 180 297 ac
210 259 320 297 velut
349 258 390 295 in
419 257 576 304 somnis,
609 256 739 294 oculos
768 257 835 294 ubi
866 257 1053 307 languida
1081 257 1225 307 pressit

137 328 251 361 nocte
281 323 402 373 quies,
434 322 675 372 nequiquam
705 321 842 359 avidos
872 321 1084 360 extendere
1115 335 1250 360 cursus

137 387 238 425 velle
267 386 449 425 videmur
478 391 517 424 et
546 386 586 423 in
615 385 756 424 mediis
787 386 990 424 conatibus
1020 387 1125 436 aegri
1234 407 1283 430 910

137 451 372 490 succidimus
388 466 397 498 3
426 464 505 489 non
535 450 670 501 lingua
700 450 816 496 valet,
848 464 926 488 non
957 464 1117 501 corpore
1147 456 1263 488 notae

137 517 335 555 sufficiunt
364 516 478 563 vires‚
509 528 580 554 nec
610 528 688 553 vox
718 521 785 553 aut
816 515 936 553 verba
964 521 1208 565 sequuntur:

137 582 190 619 sic
220 581 364 628 Turno,
397 593 641 631 quacumque
670 579 774 618 viam
803 580 952 618 virtute
983 580 1137 630 petivit,

137 658 357 684 successum
387 645 460 683 dea
487 645 574 683 dira
603 650 731 695 negat.
790 650 875 682 tum
906 651 1063 696 pectore
1094 658 1229 683 sensus

138 716 348 749 vertuntur
376 711 500 756 varii;
530 710 698 748 Rutulos
727 709 931 760 adspectat
960 715 1000 748 et
1029 710 1175 755 urbem,
1234 730 1282 754 915

138 781 423 825 cunctaturque
453 781 571 821 metu,
605 774 806 824 telumque
836 774 984 812 instare
1014 775 1214 813 tremescit
1230 789 1239 822 3

138 854 207 878 nec
237 853 314 890 quo
345 852 384 877 se
415 839 566 890 eripiat,
599 853 669 877 nec
699 852 778 889 qua
806 839 845 876 vi
874 838 1015 877 tendat
1043 839 1082 876 in
1114 839 1280 884 hostem,

138 917 209 942 nec
238 916 375 942 currus
404 916 569 953 usquam
598 903 709 941 videt
739 903 965 960 aurigamve
995 916 1177 942 sororem.

139 969 339 1007 cunctanti
370 968 493 1006 telum
524 968 678 1006 Aeneas
707 967 826 1006 fatale
856 973 1042 1014 coruscat,

139 1034 302 1073 sortitus
334 1034 535 1072 fortunam
565 1032 698 1078 oculis,
732 1037 772 1070 et
800 1045 962 1082 corpore
992 1037 1077 1071 toto
1235 1053 1286 1077 920

139 1094 290 1137 eminus
319 1098 531 1148 intorquet.
590 1096 731 1134 murali
761 1096 913 1135 concita
942 1110 1156 1147 numquam

139 1168 337 1202 tormento
367 1163 421 1201 sic
450 1175 544 1200 saxa
572 1162 758 1208 fremunt,
791 1175 862 1200 nec
891 1161 1056 1201 fulmine
1086 1163 1190 1200 tanti

139 1228 352 1267 dissultant
380 1227 562 1278 crepitus.
622 1226 731 1264 volat
760 1226 836 1264 atri
866 1226 1037 1264 turbinis
1067 1227 1193 1265 instar

140 1293 306 1332 exitium
336 1292 466 1331 dirum
496 1291 610 1330 hasta
639 1291 779 1337 serem,
811 1303 976 1341 orasque
1004 1290 1174 1329 recludit

139 1358 281 1397 loricae
311 1364 350 1397 et
379 1357 495 1408 clipei
525 1362 722 1395 extremos
752 1355 1016 1406 septemplicis
1047 1356 1170 1394 orbes.
1237 1376 1285 1400 925

140 1437 209 1475 per
238 1423 411 1462 medium
441 1422 612 1461 stridens
648 1422 790 1459 transit
820 1421 956 1459 femur.
1015 1421 1156 1459 incidit
1184 1421 1285 1459 ictus

141 1489 279 1538 ingens
309 1488 359 1526 ad
388 1493 534 1526 terram
563 1487 762 1537 duplicato
792 1485 941 1536 poplite
971 1486 1139 1525 Turnus.

141 1558 384 1603 consurgunt
413 1552 564 1603 gemitu
593 1551 746 1596 Rutuli,
779 1555 966 1600 totusque
995 1551 1168 1600 remugit

141 1631 253 1656 mons
277 1618 432 1664 circum,
457 1623 495 1655 et
519 1630 655 1655 vocem
676 1616 754 1654 late
774 1629 936 1654 nemora
959 1615 1040 1653 alta
1062 1616 1283 1654 remittunt.

142 1682 207 1721 ille
219 1682 387 1720 humiles
401 1681 567 1732 supplex
581 1680 711 1718 oculos
719 1680 979 1730 dextramque
994 1685 1220 1730 precantem
1239 1700 1289 1724 930

142 1747 393 1798 protendens,
418 1746 624 1797 ‘equidem
651 1745 786 1792 merui,
811 1758 881 1784 nec
902 1745 1113 1796 deprecor,'
1135 1744 1264 1795 inquit
1278 1759 1288 1792 3

140 1818 252 1850 utere
281 1817 384 1850 sorte
414 1816 493 1849 tua.
552 1810 684 1848 miseri
714 1815 752 1848 te
783 1810 815 1847 si
845 1823 923 1860 qua
950 1810 1127 1860 parentis

101 1921 103 1923 ¹
143 1883 303 1928 tangere
333 1889 424 1921 cura
454 1880 592 1926 potest,
626 1875 826 1913 oro—fuit
855 1881 894 1913 et
924 1875 998 1913 tibi
1027 1875 1118 1913 talis

143 1942 334 1980 Anchises
363 1935 706 1991 genitor—Dauni
737 1940 920 1977 miserere
950 1946 1140 1987 senectae,
