1429 2155
132 91 173 121 22
478 90 512 121 Ρ.
543 89 744 122 VERGILI
769 90 988 124 MARONIS

187 204 256 229 nec
286 204 393 229 mora
422 204 493 229 nec
522 191 703 242 requies3
742 197 855 231 vasto
885 194 1097 232 certamine
1127 194 1306 233 tendunt.

238 255 301 293 hic
330 261 502 294 mentem
529 257 687 294 Aeneae
712 257 894 307 genetrix
921 258 1183 308 pulcherrima
1208 259 1327 303 misit,

184 321 260 358 iret
291 326 335 358 ut
364 320 412 359 ad
443 334 586 368 mur-OS,
620 321 786 372 urbique
818 322 1042 361 adverteret
1071 337 1209 374 agmen
1283 343 1329 367 555

184 386 290 424 ocius
321 390 360 424 et
390 386 520 424 subita
549 386 728 424 turbaret
758 386 868 425 clade
897 387 1073 426 Latinos

184 450 261 497 ille,
293 455 338 488 ut
367 451 568 501 vestigans
598 450 754 489 diversa
783 464 854 500 per
883 452 1039 502 agmina
1068 451 1244 490 Turnum

183 514 259 553 hue
289 520 407 565 atque
437 515 512 552 huc
542 516 642 553 acies
673 515 925 564 circumtulit,
958 516 1098 566 aspicit
1126 517 1263 555 urbem

183 579 387 617 inmunem
418 580 519 617 tanti
551 580 642 618 belli
673 585 792 631 atque
822 581 970 630 inpune
1000 581 1183 631 quietam.

136 690 155 694 ,ἶ
183 645 370 682 continuo
401 658 555 695 pugnae
584 645 763 683 accendit
792 645 950 684 maioris
976 646 1106 696 imago
1121 662 1130 694 3
1282 659 1330 690 560

183 709 392 748 Mnesthea
413 709 721 761 Sergestumque
742 715 856 749 vocat
880 711 1102 761 fortemque
1127 710 1327 749 Serestum

182 774 375 822 ductores,
408 774 687 825 tumulumque
717 776 833 826 capit,
865 788 943 825 quo
978 780 1107 813 cetera
1135 775 1326 813 Teucrum

181 839 379 877 concurrit
408 839 521 890 legio,
553 853 623 877 nec
653 846 764 878 scuta
794 845 862 878 aut
891 839 1042 890 spicula
1070 839 1181 878 densi

182 904 397 955 deponunt.
457 905 558 943 celso
588 905 741 943 medius
771 910 880 943 stans
909 918 1050 956 aggere
1078 905 1207 944 fatur:

159 973 227 1007 ‘ne
255 982 331 1019 qua
357 969 454 1007 meis
479 974 561 1008 esto
589 969 704 1008 dictis
730 983 840 1008 mora
854 985 864 1018 3
898 969 1080 1020 Iuppiter
1103 969 1174 1008 hac
1196 973 1278 1021 ,stat
1291 985 1301 1018 3

182 1047 257 1072 neu
279 1034 365 1084 quis
387 1034 436 1072 ob
456 1034 657 1085 inceptum
683 1035 860 1073 subitum
879 1035 978 1073 mihi
999 1035 1154 1086 segnior
1173 1036 1240 1074 ito.
1280 1049 1328 1079 566

181 1099 320 1137 urbem
350 1099 477 1146 hodie,
511 1113 665 1137 causam
696 1100 799 1147 belli,
832 1113 953 1151 regna
982 1100 1067 1151 ipsa
1096 1100 1240 1147 Latini,

181 1164 222 1201 ni
252 1164 406 1202 frenum
435 1165 609 1215 accipere
640 1170 679 1203 et
708 1165 803 1203 victi
835 1178 971 1215 parere
1001 1165 1190 1212 fatentur,

182 1242 316 1266 eruam
346 1234 386 1267 et
415 1242 539 1280 aequa
568 1229 650 1268 solo
679 1229 876 1268 fumantia
906 1230 1077 1269 culmina
1105 1245 1261 1282 ponam.

181 1294 593 1345 scilicet‘exspecteQ
626 1294 748 1332 libeat
778 1294 872 1332 dum
903 1295 1053 1346 proelia
1082 1296 1215 1334 Turno
1279 1317 1328 1340 570

181 1365 315 1397 nostra
344 1359 437 1409 pati,
470 1372 684 1410 rursusque
715 1359 812 1398 velit
843 1374 1073 1400 concurrere
1106 1361 1259 1401 victus?

180 1423 253 1462 hoc
283 1428 410 1474 caput,
443 1437 465 1462 o
495 1424 610 1471 cives,
641 1424 737 1462 haec
768 1425 860 1463 belli
891 1439 1044 1464 summa
1074 1426 1259 1464 nefandi:

179 1488 278 1526 ferte
308 1489 409 1526 faces
439 1502 615 1540 propere,
648 1490 867 1541 foedusque
897 1491 1086 1542 reposcite
1116 1491 1307 1530 flammis²

180 1552 346 1600 dixerat,
378 1558 496 1604 atque
525 1554 667 1592 animis
699 1555 845 1605 pariter
876 1555 1119 1593 certantibus
1148 1569 1285 1594 omnes

179 1617 277 1655 dant
298 1631 476 1664 cuneum,
495 1618 695 1670 densaque
717 1619 766 1657 ad
787 1633 920 1658 muros
941 1620 1042 1658 mole
1063 1620 1254 1659 feruntur.
1276 1641 1324 1665 575

180 1682 304 1720 scalae
333 1682 536 1733 inproviso
566 1684 800 1734 subitusque
831 1685 1013 1734 apparuit
1042 1684 1155 1734 ignis.

179 1747 406 1786 discurrunt
436 1748 501 1786 alii
532 1748 581 1786 ad
612 1753 746 1799 portas
777 1748 1002 1799 primosque
1030 1748 1240 1794 trucidant,

179 1812 324 1849 ferrum
357 1812 422 1850 alii
453 1817 642 1863 torquent
671 1817 711 1851 et
740 1813 979 1851 obumbrant
1008 1813 1166 1851 aethera
1195 1813 1294 1852 telis.

178 1875 260 1925 ipse
290 1876 395 1915 inter
424 1877 572 1927 primos
602 1876 784 1915 dextram
815 1878 887 1915 sub
916 1878 1070 1915 moenia
1100 1877 1229 1916 tendit

178 1940 344 1987 Aeneas,
377 1954 597 1991 magnaque
627 1942 781 1980 incusat
810 1955 904 1980 voce
934 1941 1131 1988 Latinum,
1275 1954 1323 1985 580
