1429 2155
135 74 178 105 20

482 74 518 106 P.
547 64 747 106 VERGILI
772 60 996 111 MARONIS
1024 116 1026 119 ,
1075 58 1079 76 ²

191 175 382 213 terribilis
411 189 569 214 saevam
598 175 708 213 nullo
738 166 966 215 discrimine*
993 170 1152 216 caedem
1176 179 1178 181 ’
1227 221 1230 225 ,

190 241 355 278 suscitat
384 241 611 290 irarumque
641 254 775 278 omnes
805 241 973 279 effundit
1002 242 1183 280 habenas.
1216 292 1219 297 1

244 304 332 355 quis
366 304 463 342 mihi
494 318 599 343 nunc
633 310 695 343 tot
729 305 867 343 acerba
900 305 1007 354 deus,
1044 307 1130 357 quis
1163 307 1334 345 carmine
1371 306 1373 310 ⁴
1411 339 1417 355 ¹.

298 369 434 408 caedes
1287 391 1336 414 500
1376 367 1380 375 ⁸
1407 370 1429 383 ‘¹

190 434 376 480 diversas,
408 434 641 485 obitumque
671 434 825 481 ducum,
858 448 956 485 quos
986 448 1154 485 aequore
1183 440 1268 474 toto

189 499 309 549 inque
333 500 459 537 vicem
483 513 587 537 nunc
612 499 770 537 Turnus
794 500 887 550 agit,
914 513 1017 538 nunc
1042 500 1182 539 Troius
1207 501 1331 548 heros,

190 563 406 614 expediat?
445 562 596 602 tanton'
616 562 1022 624 placuitsiconcurrere
1052 571 1174 612 motu,

190 628 380 678 Iuppiter,
414 633 575 666 aeterna
603 633 740 679 gentes
768 629 810 666 in
839 642 933 679 pace
962 630 1145 668 futuras?

188 692 343 730 Aeneas
374 693 570 731 Rutulum
601 693 917 731 Sucronem—ea
946 694 1074 743 prima
1100 699 1259 732 ruentes
1288 714 1335 738 505

190 770 322 807 pugna
346 756 429 795 loco
451 758 593 795 statuit
614 758 947 796 Teucros—haud
968 758 1096 796 multa
1115 763 1335 797 morantem

190 823 336 873 excipit
366 823 408 860 in
437 822 551 870 latus,
585 828 635 871 et,
667 836 746 873 qua
775 823 857 860 fata
887 823 1098 871 celerrima,
1131 821 1425 866 οΓαᾶυηιὲκΝ

189 887 427 938 transadigit
457 892 583 925 costas
613 892 654 925 et
683 893 808 926 crates
838 888 1007 938 pectoris
1037 901 1180 926 ensem.

188 952 345 990 Turnus
363 965 464 1002 equo
480 952 676 991 deiectum
693 953 889 1002 Amycum
904 953 1144 1003 fratremque
1159 952 1332 1000 Diorem,

189 1030 417 1068 congressus
447 1017 577 1068 pedes,
611 1018 714 1056 hunc
743 1018 970 1056 venientem
998 1018 1159 1069 cuspide
1188 1017 1314 1070 longa,

188 1082 292 1120 hunc
322 1095 509 1121 mucrone
538 1083 640 1130 ferit,
673 1096 870 1133 curruque
900 1083 1050 1121 abscisa
1078 1083 1248 1121 duorum
1287 1103 1333 1127 511

189 1147 395 1197 suspendit
424 1147 554 1198 capita
583 1152 623 1186 et
652 1148 829 1186 rorantia
862 1147 1052 1198 sanguine
1080 1152 1223 1198 portat.

187 1211 253 1250 ille
283 1211 407 1250 Talon
438 1212 683 1263 Tanaimque
712 1212 798 1250 neci
826 1212 1048 1263 fortemque
1077 1212 1308 1263 Cethegum,

187 1282 267 1315 tres
296 1290 375 1315 uno
405 1290 624 1327 congressu,
658 1282 698 1315 et
726 1281 920 1315 maestum
950 1277 1077 1315 mittit
1105 1276 1264 1323 Oniten,

153 1392 172 1397 ff
187 1355 331 1381 nomen
361 1342 599 1380 Echionium
628 1342 843 1392 matrisque
872 1355 996 1392 genus
1026 1341 1230 1390 Peridiae3
1286 1361 1332 1386 515

187 1407 250 1445 hic
278 1407 419 1445 fratres
450 1407 572 1457 Lycia
601 1407 740 1445 missos
771 1412 810 1445 et
838 1406 1036 1456 Apollinis
1065 1406 1178 1456 agris,

188 1476 227 1510 et
255 1472 440 1510 iuvenem
470 1485 635 1511 exosum
665 1472 906 1522 nequiquam
934 1471 1038 1510 bella
1065 1470 1289 1518 Menoeten,

186 1536 352 1584 Arcada,
386 1537 559 1588 piscosae
590 1537 652 1575 cui
681 1537 828 1575 circum
857 1536 1021 1575 flumina
1048 1535 1198 1574 Lernae

186 1614 248 1639 ars
277 1602 405 1640 fuerat
433 1615 661 1653 pauperque
692 1602 841 1649 domus,
873 1615 944 1640 nec
973 1607 1068 1639 nota
1097 1604 1305 1652 potentum

187 1679 362 1720 munera,
395 1667 666 1718 conductaque
695 1672 808 1718 pater
837 1666 975 1705 tellure
1004 1666 1168 1705 serebat.
1285 1686 1333 1709 520

186 1745 230 1770 ac
259 1720 370 1770 velut
398 1732 550 1770 inmissi
580 1732 745 1771 diversis
775 1731 952 1783 partibus
981 1731 1090 1782 ignes

189 1801 366 1835 arentem
395 1797 437 1835 in
467 1797 606 1835 silvam
636 1802 675 1835 et
704 1796 876 1848 virgulta
905 1796 1086 1835 sonantia
1114 1795 1234 1842 lauro,

188 1866 258 1900 aut
285 1862 354 1900 ubi
385 1862 552 1900 decursu
580 1861 719 1912 rapido
749 1861 797 1899 de
827 1861 1029 1900 montibus
1056 1860 1148 1926 altis

189 1926 287 1966 dant
307 1927 481 1966 sonitum
502 1926 677 1977 spumosi
698 1939 841 1972 amnes,
864 1931 903 1964 et
923 1925 963 1963 in
985 1937 1154 1975 aequora
1170 1929 1332 1963 currunt
