1429 2155
456 79 492 110 P.
521 77 723 110 VERGILI
748 77 966 110 MARONIS

165 180 234 214 aut
263 176 406 213 habeat
436 175 572 222 victos,
605 174 719 213 cedat
749 174 915 212 Lavinia
944 175 1140 214 coniunx!

220 240 287 279 olli
318 240 453 278 sedato
485 239 690 290 respondit
720 239 835 277 corde
865 239 1053 278 Latinus:

143 310 189 344 ‘0
218 310 424 356 praestans
454 304 575 342 animi
606 304 770 351 iuvenis,
803 310 995 354 quantum
1026 303 1109 354 ipse
1137 305 1254 342 feroci

165 372 314 409 virtute
336 383 557 420 exsuperas,
577 374 690 407 tanto
712 382 773 406 me
794 369 997 419 inpensius
1019 382 1187 419 aequum
1208 374 1267 407 est
1281 390 1314 406 20

166 436 368 475 consulere
389 441 507 485 atque
529 447 665 473 omnes
686 427 931 472 metuentem
952 433 1174 483 expendere
1190 447 1308 471 casus.

167 508 260 541 sunt
289 502 363 540 tibi
393 515 514 552 regna
543 500 666 551 patris
698 499 841 546 Dauni,
875 503 968 537 sunt
997 498 1144 549 oppida
1172 505 1286 549 capta

166 568 292 605 multa
311 579 455 613 manu3
486 578 556 603 nec
577 578 655 602 non
677 577 896 614 aurumque
918 564 1151 614 animusque
1171 563 1313 601 Latino

274 637 355 669 est:

167 702 260 734 sunt
289 696 384 734 aliae
414 695 604 745 innuptae
634 694 749 732 Latio
780 697 820 732 et
850 693 1116 731 Laurentibus
1145 693 1258 743 agris,

167 774 237 799 nec
275 774 398 811 genus
436 760 650 797 indecores.
711 759 795 796 sine
827 772 889 796 me
923 758 1018 796 haec
1047 757 1152 796 haud
1182 757 1316 796 mollia

274 826 359 863 fatu
1284 843 1314 865 25

167 890 331 928 sublatis
360 890 510 940 aperire
540 888 641 926 dolis
657 903 666 936 3
706 888 824 926 simul
855 888 927 926 hoc
957 887 1087 925 animo
1117 887 1240 926 hauri.

167 968 228 993 me
258 960 392 992 natam
421 953 518 992 nulli
550 958 731 991 veterum
762 953 908 991 sociare
938 965 1148 1003 procorum

166 1021 224 1058 fas
245 1024 337 1066 erat,
356 1018 475 1069 idque
497 1031 632 1056 omnes
653 1017 817 1068 divique
832 1017 1092 1067 hominesque
1108 1017 1312 1055 canebant.

165 1084 295 1123 victus
325 1097 456 1122 amore
486 1084 557 1130 tui,
591 1087 760 1134 cognato
790 1081 981 1132 sanguine
1011 1081 1151 1128 victus,

167 1149 342 1199 coniugis
364 1153 403 1186 et
423 1152 595 1186 maestae
616 1147 798 1194 lacrimis,
822 1146 953 1184 vincla
973 1145 1105 1184 omnia
1124 1145 1213 1196 rupi
1230 1162 1237 1185 z
1284 1166 1317 1189 30

165 1213 400 1264 promissam
429 1213 555 1262 eripui
576 1225 740 1262 genero,
773 1225 882 1249 arma
910 1211 1019 1261 inpia
1047 1211 1205 1260 sumpsi.

166 1292 216 1316 ex
245 1278 312 1316 illo
342 1278 409 1328 qui
439 1290 500 1315 me
531 1290 652 1323 casus,
686 1289 796 1326 quae,
830 1276 972 1323 Turne,
1006 1281 1223 1326 sequantur

166 1342 279 1389 bella,
311 1342 431 1389 vides,
465 1346 636 1392 quantos
667 1341 818 1391 primus
848 1340 998 1391 patiare
1028 1339 1192 1379 labores.

166 1408 226 1446 bis
256 1420 398 1457 magna
427 1406 520 1444 victi
551 1419 685 1456 pugna
714 1405 783 1443 vix
813 1405 910 1443 urbe
939 1409 1098 1443 tuemur

167 1485 255 1523 spes
284 1472 403 1510 Italas
420 1487 428 1519 3
464 1471 636 1509 recalent
666 1476 801 1509 nostro
832 1470 1040 1520 Thybrina
1069 1470 1219 1508 fluenta
1285 1491 1315 1514 35

167 1537 356 1588 sanguine
386 1536 524 1583 adhuc,
549 1536 754 1586 campique
781 1535 963 1586 ingentes
991 1535 1142 1573 ossibus
1168 1535 1312 1573 albent.

167 1616 245 1652 quo
271 1602 418 1639 referor
445 1602 616 1640 totiens&
646 1614 746 1651 quae
773 1606 947 1638 mentem
975 1600 1130 1638 insania
1157 1601 1315 1638 mutat?

167 1668 198 1705 si
229 1667 361 1705 Turno
392 1667 588 1705 exstincto
619 1666 743 1704 socios
774 1679 858 1703 sum
891 1665 1040 1703 adscire
1069 1670 1241 1714 paratus,

167 1744 236 1769 cur
265 1745 343 1769 non
373 1731 562 1769 incolumi
593 1731 725 1782 potius
756 1731 973 1769 certamina
1002 1730 1124 1768 tollo'l

167 1796 263 1847 quid
293 1796 574 1847 consanguinei
605 1796 756 1843 Rutuli,
789 1795 885 1846 quid
916 1800 1045 1833 cetera
1074 1794 1178 1833 dicet
1284 1815 1316 1838 40

168 1860 294 1907 Italia,
328 1861 377 1899 ad
406 1866 574 1899 mortem
605 1861 636 1898 si
666 1860 841 1899 te—fors
871 1860 976 1898 dicta
1005 1860 1153 1898 refutet
1170 1862 1231 1897 1—

166 1925 420 1977 prodiderim‚
454 1931 588 1964 natam
618 1930 657 1963 et
687 1925 854 1963 conubia
884 1930 1017 1962 nostra
1046 1925 1278 1974 petentem?
