1429 2155
17 257 125 348 s

448 87 688 120 AENEIDOS
714 87 801 119 LIB.
830 88 913 120 XII.
1245 90 1284 120 15

136 177 393 240 Ohffirfe‘aqfi‘d'
436 180 701 240 Sffbffrffnqfi'e
758 172 993 239 Daretaque?
1041 173 1284 227 Thersiloch-

244 249 390 306 u-mqug

137 325 178 360 et
206 321 394 359 sternacis
424 320 514 370 equi
544 319 696 370 lapsum
728 319 876 357 cervice
907 319 1167 369 Thymoeten.

137 400 180 424 ac
208 385 318 424 velut
347 384 477 423 Edoni
507 384 655 422 Boreae
686 397 772 421 cum
803 384 967 434 spiritus
998 383 1078 421 alto
1237 397 1284 427 365

137 450 297 489 insonat
325 451 492 501 Aegaeo,
525 449 781 499 sequiturque
811 448 860 486 ad
890 448 1009 486 litora
1037 448 1203 496 fluctus3

138 517 215 566 qu'a
244 515 355 553 venti
385 514 607 560 incubuere,
641 513 774 563 fugam
805 513 903 550 dant
933 513 1071 551 nubila
1102 513 1230 551 caelo:

137 580 191 619 sic
220 580 363 626 Turno,
397 591 642 629 quacumque
671 578 775 615 viam
805 582 920 622 secat,
953 578 1111 628 agmina
1140 577 1286 616 cedunt

139 657 424 694 conversaeque
454 649 576 681 ruunt
605 643 706 680 acies
722 658 730 690 3
770 643 846 680 fert
876 643 1048 693 impetus
1077 643 1218 693 ipsum,

138 715 178 748 et
207 710 364 748 cristam
395 709 560 747 adverso
592 721 708 746 curru
728 708 859 758 quatit
890 721 984 746 aura
1004 708 1215 746 volantem.
1239 729 1287 751 370

138 788 215 812 non
237 773 332 812 tulit
351 773 566 811 instantem
589 772 769 823 Phegeus
791 773 1011 823 animisque
1027 773 1260 811 frementem
1278 787 1287 820 ;

138 839 281 878 obiecit
311 851 393 876 sese
423 837 473 875 ad
503 850 672 884 currum,
705 843 744 876 et
774 838 1000 887 spumantia
1030 838 1151 876 frenis

138 918 205 943 ora
234 906 446 942 citatorum
475 902 618 940 dextra
647 902 817 940 detorsit
847 916 1047 953 equorum.

137 969 232 1007 dum
262 968 434 1006 trahitur
460 967 685 1017 pendetque
715 967 826 1016 iugis,
850 967 954 1005 hunc
984 967 1065 1005 lata
1093 972 1285 1006 retectum

137 1034 272 1072 lancea
301 1032 564 1083 consequitur,
597 1032 825 1082 rumpitque
856 1032 979 1070 infixa
1008 1032 1165 1070 bilicem
1239 1054 1285 1077 375

138 1099 297 1137 loricam
326 1102 366 1136 et
394 1110 590 1135 summum
622 1096 806 1147 degustat
832 1097 995 1135 vulnere
1025 1110 1175 1147 corpus

138 1163 203 1202 ille
233 1169 364 1202 tamen
394 1163 518 1213 clipeo
548 1162 702 1200 obiecto
732 1175 944 1200 conversus
975 1162 1016 1200 in
1046 1162 1200 1200 hostem

139 1229 231 1275 ibat,
264 1234 303 1266 et
332 1227 524 1265 auxilium
555 1227 673 1264 ducto
704 1240 891 1265 mucrone
920 1227 1092 1277 petebat,

139 1306 226 1331 cum
256 1298 343 1331 rota
371 1291 627 1342 praecipitem
657 1296 697 1329 et
727 1305 917 1342 procursu
947 1292 1122 1330 concitus
1153 1292 1237 1330 axis

139 1357 285 1408 inpulit
314 1357 561 1407 effunditque
592 1356 684 1404 solo,
717 1356 955 1406 Turnusque
985 1363 1143 1395 secutus
1239 1369 1288 1400 380

139 1423 257 1460 imam
287 1422 392 1459 inter
420 1421 571 1472 galeam
603 1421 746 1459 summi
776 1421 947 1459 thoracis
978 1427 1016 1459 et
1047 1435 1134 1459 oras

140 1486 303 1525 abstulit
333 1499 424 1524 ense
454 1491 582 1536 caput,
615 1491 880 1535 truncumque
911 1485 1073 1536 reliquit
1104 1486 1297 1539 harenaQ

192 1556 310 1601 atque
339 1565 384 1590 ea
413 1551 508 1589 dum
538 1551 686 1602 campis
711 1551 838 1589 victor
861 1551 931 1589 dat
954 1551 1092 1589 funera
1116 1551 1283 1597 Turnus,

139 1618 289 1655 interea
318 1617 479 1655 Aenean
513 1616 747 1654 Mnestheus
778 1621 817 1654 et
847 1616 948 1654 fidus
978 1616 1151 1654 Achates

140 1682 409 1733 Ascaniusque
439 1696 566 1720 comes
597 1682 735 1720 castris
765 1686 940 1720 statuere
970 1686 1189 1729 cruentum,
1240 1694 1286 1724 385

140 1747 311 1786 alternos
340 1747 457 1797 longa
486 1747 680 1784 nitentem
711 1746 872 1797 cuspide
902 1759 1069 1798 gressus.

140 1813 275 1859 saevit,
309 1818 348 1851 et
377 1812 544 1850 infracta
572 1812 745 1850 luctatur
774 1811 995 1849 harundine
1025 1810 1147 1849 telum

140 1878 302 1928 eripere,
333 1877 560 1928 auxilioque
590 1877 707 1921 viam,
740 1890 839 1926 quae
869 1877 1061 1927 proxima,
1093 1876 1230 1925 poscit,

141 1955 232 1981 ense
262 1948 394 1981 secent
424 1942 504 1980 lato
534 1942 680 1980 vulnus
709 1941 856 1992 telique
886 1941 1076 1979 latebram
