1429 2155
88 91 130 123 28

432 89 470 121 P.
499 88 701 121 VERGILI
725 88 942 121 MARONIS

143 204 233 229 cum
262 190 340 229 duo
370 189 567 228 conversis
597 189 757 227 inimica
784 189 826 226 in
856 189 1003 240 proelia
1032 189 1135 228 tauri

142 256 341 294 frontibus
369 255 588 301 incurrunt,
620 253 755 304 pavidi
785 267 932 292 cessere
961 253 1170 304 magistri„

143 325 223 359 stat
237 333 356 371 pecus
377 332 492 358 omne
513 325 623 357 metu
643 324 798 356 mutum
816 324 1072 369 mussantque
1087 319 1284 365 iuvencae,

144 383 231 433 quis
269 381 422 420 nemori
460 381 675 432 imperitet,
717 393 835 430 quem
881 385 968 418 tota
1015 386 1286 435 armen-tasse-

251 450 425 497 quantur
438 461 448 494 3

142 511 200 549 illi
230 511 334 549 inter
362 524 445 549 sese
474 510 601 548 multa
630 510 669 547 vi
698 509 865 547 vulnera
893 509 1069 555 miscent,
1241 530 1288 553 720

144 589 367 626 cornuaque
398 575 534 614 obnixi
563 575 746 625 infigunt,
779 580 819 612 et
849 574 1037 625 sanguine
1066 574 1173 624 largo

143 640 243 679 colla
281 653 488 691 armosque
527 640 688 688 lavant3
726 640 877 690 gemitu
910 652 1048 677 nemus
1083 652 1196 677 omne
1234 651 1287 676 re-

251 705 401 756 mugit:

143 784 223 809 non
253 770 367 808 aliter
396 771 492 808 Tros
522 770 676 807 Aeneas
707 774 747 807 et
776 768 958 807 Daunius
987 768 1100 807 heros

143 839 384 874 concurrunt
411 834 570 885 clipeis3
602 834 742 885 ingens
765 833 898 884 fragor
922 833 1082 872 aethera
1106 833 1286 883 complet.

145 899 326 950 Iuppiter
354 899 437 950 ipse
467 898 566 937 duas
597 902 765 948 aequato
795 898 976 936 examine
1005 897 1133 936 lances
1242 919 1288 942 725

145 964 325 1010 sustinet,
358 969 398 1002 et
426 964 508 1002 fata
537 963 695 1013 inponit
724 962 880 1001 diversa
909 962 1086 1010 duorum,
1099 962 1214 1027 ιὰ
1199 970 1251 1008 js.-

144 1040 261 1077 quem
288 1018 593 1071 damnet-labor,
623 1030 663 1063 et
690 1039 767 1075 quo
791 1029 929 1075 vergat
954 1024 1126 1075 pondere
1153 993 1298 1062 ΙΘῖυῇῖΧ

145 1092 286 1130 emicat
315 1091 388 1136 hic,
420 1091 568 1141 inpune
598 1095 753 1141 putans,
787 1095 826 1128 et
856 1103 1015 1140 corp01e
1045 1094 1129 1128 toto

144 1155 222 1194 alte
252 1155 452 1194 sublatum
482 1155 685 1206 consurgit
715 1155 872 1193 Turnus
901 1155 942 1192 in
971 1167 1114 1201 ensem,

144 1225 184 1259 et
212 1220 314 1259 ferit.
373 1220 596 1259 exclamant
627 1220 748 1258 Troes
778 1219 1000 1270 trepidique
1030 1218 1173 1263 Latini,
1243 1239 1291 1262 730

145 1290 395 1336 arrectaeque
425 1285 631 1323 amborum
662 1285 774 1323 acies.
834 1290 876 1322 at
903 1283 1076 1335 perfidus
1105 1283 1208 1322 ensis

144 1350 342 1401 frangitur
370 1350 411 1388 in
440 1349 648 1400 medioque
681 1349 886 1387 ardentem
913 1348 1058 1386 deserit
1087 1348 1180 1393 ictu,

144 1415 187 1453 ni
214 1415 307 1466 fuga
336 1415 511 1453 subsidio
542 1415 691 1452 subeat.
754 1414 857 1464 fugit
887 1413 993 1452 ocior
1019 1413 1135 1461 Euro,

144 1484 189 1518 ut
213 1480 393 1530 capulum
421 1480 601 1531 ignotum
628 1479 889 1529 dextramque
913 1478 1067 1528 aspexit
1087 1478 1286 1516 inermem.

144 1545 249 1583 fama
273 1550 333 1583 est
358 1545 624 1595 praecipitem,
650 1558 738 1582 cum
763 1544 890 1595 prima
909 1544 951 1581 in
971 1543 1118 1594 proelia
1137 1543 1290 1581 iunctos

144 1608 433 1649 conscendebat
463 1623 593 1660 eqUOS‚
627 1609 754 1660 patrio
785 1622 970 1647 mucrone
1000 1607 1146 1653 relicto,
1243 1620 1290 1650 736

145 1674 239 1713 dum
269 1675 452 1725 trepidat,
484 1675 632 1713 ferrum
663 1675 821 1726 aurigae
851 1674 1024 1726 rapuisse
1055 1672 1223 1711 Metisci.

144 1740 264 1790 idque
293 1739 373 1786 diu,
405 1740 501 1778 dum
531 1746 642 1792 terga
672 1740 821 1778 dabant
850 1739 1025 1790 palantia
1053 1737 1203 1784 Teucri,

146 1804 300 1843 suffecit
315 1820 324 1853 ;
364 1811 573 1856 postquam
604 1819 712 1844 arma
739 1805 802 1843 dei
832 1804 882 1843 ad
907 1803 1102 1842 Vulcania
1127 1807 1289 1841 ventum

254 1875 324 1916 est,

146 1935 322 1973 mortalis
351 1948 496 1982 mucro,
527 1935 670 1986 glacies
700 1948 770 1973 ceu
797 1934 933 1979 futilis,
965 1934 1045 1972 ictu
1243 1953 1292 1976 740
