1429 2155
450 124 691 157 AENEIDOS
716 124 802 155 LIB.
832 123 913 156 XII.
1264 124 1286 157 5

142 222 254 261 hasta
269 236 385 270 meos,
404 235 509 260 nunc
529 226 686 272 tempus
708 220 819 258 adest
834 236 843 269 3
873 226 911 259 te
931 221 1128 259 maximus
1148 221 1281 268 Actor,

140 292 180 325 te
209 287 333 325 Turni
363 300 467 324 nunc
496 286 637 325 dextra
666 286 778 337 gerit.
838 285 888 324 da
918 291 1092 324 sternere
1122 299 1261 337 corpus

142 351 380 402 loricamque
410 364 529 389 manu
558 351 690 389 valida
719 351 888 389 lacerare
917 351 1114 389 revulsam

141 416 312 454 semiviri
343 415 521 466 Phrygis,
555 420 595 453 et
623 415 783 469 foedare
813 415 853 452 in
884 415 1045 465 pulvere
1075 415 1201 454 crines

140 481 314 519 vibratos
344 480 469 518 calido
499 480 600 518 ferro
630 493 841 531 murraque
871 465 1114 519 madentes.”
1241 503 1288 518 100

139 545 200 583 his
229 545 360 596 agitur
388 545 523 592 furiis3
562 550 727 594 totoque
758 544 932 583 ardentis
962 545 1011 583 ab
1041 558 1107 584 ore

140 610 332 648 scintillae
362 610 568 656 absistunt,
604 609 724 648 oculis
753 609 873 647 micat
903 609 1057 648 aeribus
1087 609 1214 660 ignis:

139 675 314 726 mugitus
342 674 467 713 veluti
497 688 585 712 cum
615 675 742 725 prima
771 674 813 712 in
842 674 990 725 proelia
1018 681 1154 713 taurus

139 740 327 778 terrificos
356 740 433 778 ciet
462 744 579 789 atque
608 739 720 777 irasci
750 739 790 777 in
821 752 966 777 cornua
995 744 1176 790 temptat,

140 805 287 843 arboris
318 804 487 843 obnixus
517 808 667 851 trunco,
700 808 918 853 ventosque
948 803 1103 842 lacessit
1242 824 1287 848 105

138 870 292 916 ictibus,
325 875 393 907 aut
422 882 556 919 sparsa
585 868 634 907 ad
663 881 839 919 pugnam
869 868 1045 920 proludit
1073 868 1226 907 harena.

192 948 263 973 nec
292 935 423 973 minus
453 934 605 972 interea
633 933 825 972 maternis
855 946 993 986 saQs
1023 933 1064 971 in
1094 934 1211 972 armis

139 1001 293 1038 Aeneas
323 999 429 1038 acuit
459 999 633 1037 Martem
663 1004 702 1037 et
732 1012 772 1037 se
803 998 968 1036 suscitat
996 998 1064 1047 ira,

139 1065 272 1103 oblato
301 1064 476 1115 gaudens
505 1064 687 1114 componi
717 1063 875 1102 foedere
904 1063 1063 1102 bellum.

139 1135 225 1168 tum
254 1130 378 1168 socios
407 1129 625 1179 maestique
655 1133 806 1167 metum
837 1128 987 1167 solatur
1016 1128 1105 1177 Iuli,
1241 1151 1288 1168 110

139 1195 221 1233 fata
250 1195 404 1242 docens,
436 1194 597 1244 regique
626 1194 737 1231 iubet
766 1207 953 1244 responsa
982 1193 1125 1232 Latino

139 1265 244 1298 certa
272 1260 416 1299 referre
444 1259 560 1305 viros,
592 1264 632 1297 et
661 1259 766 1310 pacis
796 1259 925 1298 dicere
954 1259 1067 1311 leges,

191 1330 349 1375 postera
379 1325 446 1363 vix
476 1338 648 1363 summos
679 1324 889 1375 spargebat
917 1323 1066 1363 lumine
1095 1330 1250 1364 montes

139 1396 225 1429 orta
254 1391 348 1437 dies,
380 1404 467 1428 cum
497 1390 672 1440 primum
701 1390 782 1428 alto
813 1403 853 1428 se
883 1389 1037 1440 gurgite
1067 1390 1215 1428 tollunt
1287 1360 1429 1445 Μ’ξέ

139 1456 230 1494 solis
260 1455 349 1506 equi
379 1455 583 1505 lucemque
614 1455 728 1493 elatis
758 1455 920 1493 naribus
950 1455 1107 1502 efflant3
1199 1444 1215 1451 δ
1241 1440 1429 1499 115⁸rv0'*

140 1534 319 1571 eampum
348 1520 398 1558 ad
428 1525 624 1558 certamen
655 1533 820 1570 magnae
848 1520 920 1558 sub
946 1519 1151 1558 moenibus
1177 1520 1286 1558 urbis

139 1583 305 1621 dimensi
334 1582 553 1633 Rutulique
584 1582 659 1620 viri
690 1582 910 1632 Teucrique
940 1582 1143 1632 parabant,

138 1647 179 1685 in
208 1647 415 1698 medioque
445 1647 551 1685 focos
581 1652 620 1685 et
650 1647 710 1685 dis
741 1647 1017 1686 communibus
1046 1660 1132 1685 aras

137 1712 367 1763 gramineas.
428 1712 494 1750 alii
524 1713 752 1763 fontemque
783 1712 994 1763 ignemque
1024 1711 1213 1758 ferebant,

138 1777 255 1815 velati
286 1777 380 1815 limo
411 1782 451 1815 et
480 1778 652 1815 verbena
682 1784 861 1827 tempora
890 1777 1024 1814 vincti.
1238 1797 1285 1812 120

138 1841 314 1892 procedit·
344 1842 446 1892 legio
476 1841 736 1888 Ausonidum,
769 1841 970 1892 pilataque
1001 1841 1126 1892 plenis

127 1907 294 1957 >agmina
323 1921 362 1945 se
392 1907 566 1945 fundunt
595 1907 731 1957 portis.
788 1907 880 1944 hinc
909 1906 1050 1944 Troius
1080 1906 1207 1944 omnis

137 1971 442 2022 Tyrrhenusque
472 1972 551 2010 ruit
581 1972 699 2010 variis
729 1971 923 2009 exercitus
954 1971 1081 2019 armis,
