1429 2155
98 81 140 112 30
445 81 482 113 P.
513 82 715 114 VERGILI
740 82 958 116 MARONIS

152 182 341 220 Laurenti
372 182 464 220 divo
494 187 534 220 et
563 188 676 221 votas
706 185 945 234 suspendere
975 191 1103 224 vestes
1119 201 1129 234 3

152 246 219 284 sed
250 247 413 297 stirpem
444 247 585 285 Teucri
614 248 723 286 nullo
754 248 980 288 discrimine
1010 263 1161 289 sacrum
1252 272 1301 295 770

151 311 403 359 sustulerant,
437 325 534 362 puro
563 317 609 350 ut
638 317 800 363 possent
829 327 1058 353 concurrere
1087 329 1232 366 campo.

151 376 213 414 hic
242 375 354 414 hasta
384 375 543 415 Aeneae
573 377 729 424 stabat;
765 377 841 416 huc
871 379 1043 429 impetus
1073 379 1181 417 illam

152 439 357 488 detulerat,
390 432 511 478 fi'xam
541 445 581 478 et
609 440 718 479 lenta
747 441 789 479 in
818 442 948 481 radice
977 443 1148 481 tenebat.

151 504 331 542 incubuit
361 505 567 555 voluitque
596 519 712 544 manu
746 506 966 545 convellere
995 507 1142 546 ferrum

152 569 411 615 Dardanides,
430 570 590 620 teloque
609 571 731 621 sequi,
750 584 868 621 quem
887 571 1079 622 prendere
1099 586 1212 611 cursu
1250 594 1296 617 775

151 647 230 671 non
259 639 425 684 poterat.
486 639 572 672 turn
601 648 695 672 vero
725 648 859 673 amens
888 636 1099 674 formidine
1128 637 1293 684 Turnus,

127 698 296 744 ‘Faune‚
338 711 488 748 precor,
531 699 740 747 miserere‚'
781 700 922 750 inquit,
969 705 1111 752 ‘tuque
1148 701 1297 752 optima

256 763 407 801 ferrum

151 827 271 866 Terra
299 832 402 874 tene,
434 827 538 866 colui
567 833 718 867 vestros
748 829 780 867 si
810 842 963 880 semper
991 829 1168 878 honores,

150 906 247 943 quos
277 898 414 931 contra
444 893 653 932 Aeneadae
682 894 786 932 bello
815 895 940 933 fecere
972 895 1177 946 profanos.'

150 957 253 995 dixit
282 971 476 1008 opemque
505 958 568 996 dei
598 972 678 997 non
708 972 815 997 cassa
843 960 884 997 in
914 965 1008 998 vota
1037 960 1214 999 vocavit:
1249 973 1296 1004 730

149 1036 319 1073 namque
349 1022 419 1060 diu
447 1022 603 1060 luctans
632 1023 818 1074 lentoque
849 1024 889 1062 in
918 1025 1039 1075 stirpe
1068 1029 1241 1063 moratus

149 1087 302 1125 viribus
330 1087 437 1125 haud
465 1087 556 1125 ullis
585 1087 712 1126 valuit
741 1088 960 1127 discludere
989 1102 1140 1127 morsus

149 1151 300 1190 roboris
331 1152 497 1192 Aeneas.
557 1152 653 1190 dum
682 1153 826 1190 nititur
855 1166 942 1192 acer
970 1158 1010 1192 et
1038 1154 1171 1200 instat,

149 1230 283 1254 rursus
312 1217 353 1254 in
383 1217 543 1267 aurigae
571 1217 711 1255 facicm
740 1224 894 1255 mutata
923 1218 1081 1256 Metisci

149 1281 345 1332 procurrit
374 1281 567 1332 fratrique
597 1295 730 1331 ensem
760 1281 833 1320 dea
862 1282 1020 1320 Daunia
1047 1282 1189 1322 reddit.
1247 1297 1294 1327 785

71 1392 94 1399 v·
146 1346 255 1397 quod
284 1346 419 1396 Venus
449 1346 587 1384 audaci
616 1346 818 1396 nymphae
847 1346 1054 1398 indignata
1082 1347 1208 1395 licere,

140 1403 321 1457 accessit,
353 1411 558 1461 telumque
589 1411 669 1449 alta
697 1411 747 1449 ab
776 1411 906 1449 radice
934 1411 1098 1450 revellit.

76 1492 83 1517 2.
110 1470 215 1522 olli
246 1476 442 1523 sublimes,
475 1476 593 1514 armis
623 1476 843 1526 animisque
874 1476 1019 1524 refecti,

35 1524 39 1530 ι
111 1523 211 1592 ¹'hic
240 1541 371 1592 gladio
400 1540 537 1588 fidens,
569 1541 631 1578 hic
661 1554 749 1579 acer
777 1546 816 1578 et
846 1540 991 1579 arduus
1021 1541 1143 1589 hasta,

54 1597 61 1628 ’Ῐ
147 1606 348 1664 adsistunt
376 1610 514 1644 contra
542 1606 759 1644 certamina
787 1606 929 1644 Martis
958 1606 1097 1644 anheli.
1246 1629 1294 1652 790

160 1657 164 1667 ‚
202 1672 396 1710 Iunonem
425 1672 577 1710 interea
605 1685 676 1710 rex
706 1672 990 1722 omnipotentis
1021 1671 1180 1722 Olympi

62 1739 69 1751 ³
92 1729 94 1733 ¹
124 1735 385 1787 adloquitur,
418 1737 526 1774 fulva
555 1750 708 1787 pugnas
737 1736 786 1775 de
816 1737 920 1775 nube
951 1741 1154 1776 tuentem:

61 1796 75 1814 “⁴
111 1788 132 1822 ¹‘
148 1815 247 1852 quae
268 1801 347 1839 iam
367 1801 456 1839 finis
477 1801 561 1848 erit,
585 1802 788 1840 coniunx?
816 1801 909 1852 quid
932 1801 1102 1852 denique
1123 1804 1274 1840 restat?

103 1880 105 1882 ·
148 1866 365 1925 indigetem
393 1866 557 1905 Aenean
587 1867 659 1905 scis
689 1867 784 1916 ipsa,
817 1872 857 1905 et
885 1866 982 1905 scire
1011 1866 1144 1905 fateris

148 1924 283 1969 deberi
313 1931 430 1977 caelo,
462 1931 631 1984 fatisque
661 1931 711 1970 ad
741 1931 870 1970 sidera
898 1931 994 1969 tolli.
1244 1952 1290 1977 795
