1429 2155
486 80 726 113 AENEIDos
751 81 838 112 ΜΒ.
854 72 950 113 ’ΧΠ
1285 86 1319 115 11

176 181 471 231 expediuntque
487 195 645 230 manus;
673 182 902 232 primusque
916 182 1149 220 Tolumnius
1171 196 1305 233 augur,

152 245 244 283 ‘hoc
274 252 367 293 erat,
400 246 484 292 hoc,
517 246 644 290 votis‚'
666 247 809 296 inquit,
842 247 969 297 ‘quod
1000 260 1114 297 saepe
1144 248 1292 297 petivi:

175 310 331 360 accipio,
354 310 628 361 adgnoscoque
650 311 743 349 deos
761 326 769 357 ;
802 325 875 355 me,
900 325 962 349 me
984 312 1081 350 duce
1102 312 1251 350 ferrum
1271 325 1320 349 260

175 375 370 425 corripite,
403 389 424 413 o
456 376 597 423 miseri,
630 390 728 426 quos
759 375 949 427 inprobus
979 377 1132 415 advena
1161 378 1263 415 bello

175 440 343 487 territat,
376 440 570 478 invalidas
601 446 646 479 ut
675 455 778 489 aves,
812 446 851 479 et
880 441 998 479 litora
1027 447 1160 479 vestra

174 505 213 543 vi
262 505 457 556 populat:
505 510 617 556 petet
664 505 730 544 ille
774 507 919 557 fugam,
961 507 1198 557 penitusque
1237 520 1322 557 pro-

282 569 405 608 fundo

176 634 262 673 vela
290 634 412 674 dabit.
471 648 540 672 vos
569 635 748 672 unanimi
780 635 943 673 densete
974 641 1160 682 catervas,

175 705 215 737 et
244 710 377 750 regem
407 699 519 736 vobis
549 713 682 750 pugna
711 699 916 738 defendite
945 703 1128 750 raptum.'
1274 714 1322 744 265

175 763 288 809 dixit,
321 769 360 801 et
389 763 574 801 adversos
604 764 728 802 telum
758 765 951 803 contorsit
981 765 1019 802 in
1050 765 1183 803 hostes

175 841 432 879 procurrens3
471 829 642 866 sonitum
670 829 739 867 dat
766 829 936 868 stridula
967 843 1109 868 cornus
1139 835 1179 869 et
1208 844 1322 868 auras

175 898 281 931 certa
318 898 433 931 secat.
493 893 609 931 simul
648 893 731 942 hoc,
765 894 882 932 simul
917 895 1056 947 ingens
1092 893 1246 941 clamor,
1283 901 1323 933 et

282 971 416 996 omnes

175 1022 325 1060 turbati
354 1023 478 1070 cunei,
511 1022 778 1074 calefactaque
808 1023 927 1061 corda
956 1023 1142 1062 tumultu.

175 1083 287 1122 hasta
304 1084 448 1132 volans,
468 1090 513 1122 ut
529 1085 629 1123 forte
646 1099 789 1123 novem
808 1085 1071 1136 pulcherrima
1086 1087 1253 1125 fratrum
1274 1108 1323 1131 270

174 1162 335 1199 corpora
365 1149 625 1187 constiterant
654 1155 801 1195 contra,
830 1163 928 1200 quos
958 1150 1036 1188 fida
1065 1157 1215 1189 crearat

174 1226 253 1251 una
282 1219 342 1251 tot
371 1213 543 1252 Arcadio
574 1214 749 1253 coniunx
778 1214 986 1265 Tyrrhena
1015 1215 1200 1266 Gylippo,

175 1277 314 1316 horum
342 1291 466 1316 unum
496 1278 546 1316 ad
576 1279 762 1326 medium,
792 1280 936 1317 teritur
963 1293 1041 1330 qua
1067 1280 1197 1318 sutilis
1227 1282 1314 1320 alvo

175 1343 326 1381 balteus
356 1350 394 1381 et
423 1343 592 1382 laterum
621 1344 824 1382 iuncturas
854 1345 976 1383 fibula
1004 1345 1169 1393 mordet,
1308 1348 1309 1351 ’

174 1408 373 1458 egregium
404 1408 531 1446 forma
560 1408 742 1447 iuvenem
773 1414 813 1447 et
843 1409 1088 1460 fulgentibus
1117 1411 1236 1449 armis
1273 1431 1320 1455 275

112 1473 409 1524 sttransadigit
439 1478 575 1520 costas,
608 1473 795 1524 fulvaque
826 1474 995 1513 effundit
1025 1474 1178 1513 harena.

175 1542 214 1574 at
242 1537 394 1583 fratres,
425 1538 602 1576 animosa
631 1538 807 1588 phalanx
836 1552 1076 1589 accensaque
1106 1539 1227 1587 luctu,

173 1615 262 1652 pars
281 1601 432 1652 gladios
453 1603 655 1653 stringunt
675 1603 869 1650 manibus,
892 1617 981 1654 pars
1002 1603 1151 1642 missile
1171 1605 1321 1643 ferrum

174 1667 392 1717 corripiunt
421 1669 601 1718 caecique
630 1676 763 1707 ruunt.
823 1683 921 1719 quos
952 1670 1110 1720 agmina
1139 1675 1276 1708 contra

173 1738 411 1783 procurrunt
426 1733 667 1772 Laurentum
686 1750 694 1781 ,ς
723 1734 814 1772 hinc
835 1734 947 1772 densi
967 1748 1100 1773 rursus
1121 1735 1320 1773 inundant

174 1797 294 1836 Troes
323 1798 582 1849 Agyllinique
612 1805 651 1836 et
680 1799 795 1849 pictis
826 1799 1001 1838 Arcades
1031 1801 1171 1840 armis:
1271 1814 1318 1838 εει

175 1862 228 1900 sic
258 1876 392 1901 omnes
423 1876 532 1901 amor
560 1877 662 1901 unus
692 1864 812 1902 habet
842 1864 1052 1903 decernere
1082 1865 1196 1905 ferro.

175 1926 373 1978 diripuere
402 1929 577 1966 aras—it
607 1934 692 1967 toto
723 1929 883 1968 turbida
912 1930 1019 1968 caelo
